2911 4066
1330 95 1611 142 -10—

197 240 262 271 me
291 227 461 272 consule
488 226 698 271 Romnum
732 227 838 272 item
869 227 1120 294 clausulam·
1141 241 1255 280 „esse
1273 228 1492 272 videatur“
1527 230 1657 273 tertio
1687 241 1861 283 quoque
1889 243 2022 274 sensu
2054 229 2243 285 positam
2260 229 2492 283 &uiderent
2510 231 2641 288 (did.
2659 232 2725 279 tde
2766 267 2767 270 ,

198 306 307 345 orat.
342 303 441 356 23.).
2534 337 2537 347 .
2620 338 2630 354 ,

478 377 659 421 Ptaeter
689 378 950 433 elegantiam
998 382 1044 419 et
1074 377 1431 433 compositionem
1460 378 1504 420 in
1536 378 1778 422 elocutione
1824 377 2044 427 Ciceronis
2083 391 2170 422 non
2201 377 2473 423 desideratur
2516 379 2726 435 dignam,

197 465 309 507 quae
338 451 486 495 reddit
530 456 730 496 ornatam
775 453 1017 495 orationem
1060 453 1271 495 varietate
1302 452 1584 508 distinguens.
1623 452 1699 507 (ad
1727 452 1830 496 Her.
1859 452 1931 496 1v.
1962 465 1998 497 c.
2033 454 2116 509 13).
2176 453 2273 497 Huc
2302 446 2491 511 pertinet
2520 454 2724 511 frequens

198 527 435 581 figurarum
465 541 590 578 usus,
636 541 819 581 quarum
850 527 1021 582 singula
1051 527 1271 582 exempla,
1317 542 1449 582 quum
1493 528 1579 583 legi
1610 528 1777 620 possint
1823 529 1867 571 in
1898 528 2019 572 libris
2050 528 2105 572 de
2137 534 2253 572 arte
2275 529 2495 583 rhetorica
2538 530 2724 587 scriptis,

197 603 268 645 hic
298 604 500 647 omittere
530 603 636 645 mihi
665 603 807 645 liceat.
1111 628 1119 634 —

481 676 681 720 Varietas
727 693 829 721 vero
860 693 945 720 non
976 678 1116 721 solum
1161 678 1308 734 figuris
1354 683 1551 734 paratur,
1598 679 1675 721 sed
1722 678 1907 722 efficitur
1938 681 2070 723 etiam
2096 694 2247 734 ,evenere
2276 680 2465 738 dicendi,
2510 688 2596 736 quo
2627 681 2724 736 quis

198 759 349 798 orator
380 755 445 797 nti
477 754 600 797 solet.

477 830 614 873 Venio
646 831 778 884 igitur
808 830 867 873 ad
896 845 1032 884 genus
1063 830 1237 872 dicendi
1269 845 1296 872 a
1328 830 1532 872 Cicerone
1566 831 1783 872 usitatum.
1825 831 1949 881 Quod
1979 845 2064 884 quo
2095 831 2247 872 melius
2279 836 2588 884 cognoscatur,
2619 844 2725 885 qua-

196 904 255 947 lia
284 906 329 947 in
360 904 603 947 oratoribus
638 905 834 948 Ciceroni
880 905 1132 960 aequalibus
1174 905 1333 947 fuerint
1369 920 1531 959 genera
1571 906 1764 956 dicendi,
1781 937 1787 942 -
1806 907 2011 949 nonnulla
2048 907 2368 961 praemittenda
2398 920 2491 948 esse
2523 906 2722 948 arbitror.

197 979 426 1024 Materiam
455 979 670 1035 praebent
702 980 923 1024 Ciceronis
956 979 1076 1032 libri,
1108 980 1317 1035 imprimis
1349 979 1520 1024 Brutus
1552 985 1596 1023 et
1626 983 1780 1023 orator.
1854 1001 1856 1004 ·

478 1053 543 1098 Ex
572 1054 647 1107 iis,
680 1069 793 1109 quae
824 1055 869 1098 in
896 1054 964 1099 his
993 1054 1114 1099 libris
1143 1061 1395 1105 narrantur,
1436 1055 1598 1099 Romae
1634 1061 1731 1099 tum
1760 1055 1956 1099 floruisse
1987 1062 2170 1111 apparet
2201 1062 2420 1100 oratorum
2450 1071 2610 1110 genera
2640 1057 2725 1098 duo

197 1128 382 1172 alterum
413 1142 582 1182 eorum,
629 1129 704 1184 qui
734 1129 780 1173 in
810 1129 996 1173 dicendo
1040 1129 1147 1172 nihil
1192 1129 1274 1173 nisi
1320 1129 1562 1173 tenuitatem
1593 1135 1637 1173 et
1667 1130 1896 1174 siccitatem
1926 1136 2301 1182 consectarentur,
2348 1131 2531 1174 alterum
2577 1146 2725 1174 eorum

195 1203 270 1260 qui
301 1208 454 1248 contra
484 1208 712 1248 uterentur
740 1219 892 1259 qenere
930 1204 1104 1248 dicendi
1133 1205 1263 1248 nimis
1292 1205 1552 1248 redundanti
1582 1212 1627 1248 et
1661 1208 1846 1261 copioso.
1907 1207 2072 1250 Horum
2102 1208 2302 1262 princeps
2334 1212 2428 1249 erat
2459 1208 2507 1259 Q.
2538 1208 2726 1250 Horten-

197 1280 304 1329 sius,
336 1280 410 1334 qui
441 1278 793 1323 adolescentulus
823 1281 1017 1323 Asiatico
1048 1294 1206 1333 genere
1238 1279 1410 1323 dicendi
1442 1281 1650 1323 clamores
1681 1286 1893 1332 moverat;
1935 1282 2105 1324 illorum
2138 1282 2181 1324 C.
2214 1282 2415 1324 Lucinius
2448 1283 2619 1331 Calvus,
2651 1283 2724 1334 qui

195 1353 455 1397 tenuitatem
486 1352 660 1397 dicendi
691 1352 745 1397 de
776 1353 991 1397 industria
1022 1353 1366 1397 consectabatur.
1399 1354 1536 1409 (Brut.
1570 1358 1665 1397 284.
1699 1359 1813 1410 325).

477 1428 668 1479 Quorum
698 1428 870 1471 dicendi
900 1443 1106 1481 generum
1135 1434 1334 1470 neutrum
1366 1431 1537 1482 penitus
1569 1430 1750 1484 arripuit
1782 1430 1943 1471 Cicero.
1975 1430 2086 1471 Nam
2116 1432 2308 1472 Asiatico
2344 1446 2502 1484 genere
2535 1431 2728 1479 dicendi,

195 1519 457 1557 quamquam
502 1505 547 1546 in
579 1505 775 1546 oratione
808 1520 886 1557 pro
919 1505 960 1547 S.
991 1505 1148 1546 Roscio
1179 1505 1382 1545 Amerino
1414 1520 1515 1545 usus
1549 1512 1663 1554 erat,
1710 1511 1856 1545 tamen
1886 1506 1931 1545 in
1963 1507 2118 1545 ceteris
2166 1506 2385 1546 abstinuit.
2446 1506 2596 1560 Neque
2627 1520 2728 1545 vero

193 1580 299 1633 quia
327 1580 572 1634 repudiavit
600 1581 858 1630 Asiaticum,
897 1580 1060 1622 idcirco
1096 1580 1319 1633 amplexus
1353 1586 1418 1622 est
1458 1582 1595 1622 solum
1626 1586 1756 1622 tenue
1788 1581 1960 1622 dicendi
1992 1596 2149 1634 genus,
2189 1581 2307 1634 quod
2340 1586 2443 1622 tunc
2474 1581 2582 1622 falso
2611 1581 2728 1622 diee-

196 1654 325 1699 batur
354 1656 560 1699 Atticum.
590 1655 729 1699 Nulla·
753 1656 866 1698 enim
898 1660 1019 1698 extat
1050 1656 1202 1706 oratio,
1245 1657 1287 1697 in
1320 1670 1405 1709 qua
1444 1670 1528 1698 non
1560 1658 1831 1711 reperiantur
1862 1657 2042 1698 Asiatici
2073 1657 2242 1710 generis
2273 1656 2477 1709 vestigia,
2521 1657 2728 1711 imprimis

198 1731 242 1773 in
272 1733 562 1784 peroratione.

478 1807 651 1860 Itaque,
703 1821 836 1860 quum
868 1808 959 1848 eius
991 1807 1164 1848 dicendi
1212 1820 1346 1860 genus
1377 1807 1494 1847 aliud
1545 1821 1595 1847 tc
1626 1808 1871 1861 aequalium
1917 1812 2137 1850 oratorum
2167 1807 2297 1849 fuisse
2330 1806 2570 1858 videamus,
2616 1823 2728 1849 nunc

157 1896 161 1899 ’
195 1883 324 1936 quale
355 1882 487 1925 fuerit
519 1888 586 1924 est
617 1883 1012 1924 demonstrandum
1053 1883 1301 1923 Illustrandi
1331 1884 1543 1923 rationem
1575 1884 1616 1923 in
1650 1888 1815 1925 oratore
1847 1884 2064 1925 Ciceronis
2095 1884 2359 1939 propositam
2391 1881 2611 1925 habemus.

482 1957 674 2007 Oratori,
714 1972 845 2011 quum
884 1958 1043 1999 debeat
1074 1958 1229 1998 docere
1267 1958 1491 1999 delectire
1523 1973 1714 2008 movere,
1753 1959 1910 2012 triplex
1945 1959 2115 2000 dicendi
2147 1959 2297 2001 modus
2330 1963 2396 2000 est
2426 1959 2730 2001 observandus.

195 2033 260 2073 Ex
290 2032 373 2073 hoc
405 2033 566 2086 triplici
597 2046 773 2073 munere
806 2034 891 2073 tria
921 2046 1082 2085 genera
1112 2033 1284 2072 dicendi
1316 2038 1416 2072 suut
1448 2038 1617 2073 exorta:
1664 2034 1816 2074 subtile
1846 2034 1890 2074 in
1921 2033 2133 2082 docendo,
2168 2034 2350 2074 medium
2381 2034 2425 2075 in
2456 2033 2726 2083 delectando,

192 2108 361 2163 ,orande
389 2109 433 2150 in
465 2107 688 2150 movendo.
721 2107 911 2159 Quorum
945 2108 988 2149 in
1021 2107 1201 2162 singulis
1233 2107 1389 2161 singuli
1421 2112 1615 2150 oratores
1647 2108 1830 2151 Romani
1860 2107 2109 2151 floruerunt.
2145 2110 2223 2163 (or.
2257 2111 2341 2163 22.)
2393 2108 2585 2151 Fuerunt
2616 2109 2729 2151 enim

195 2183 271 2239 qui
301 2183 498 2227 dicerent
528 2183 766 2234 subtiliter,
813 2188 861 2225 ut
895 2182 938 2225 C.
970 2182 1171 2225 Aurelius
1219 2181 1349 2225 Cotta
1378 2182 1515 2236 (Brut.
1548 2185 1663 2237 202),
1709 2183 1783 2237 qui
1814 2183 1968 2238 ample,
2015 2189 2064 2226 ut
2095 2183 2138 2225 Ρ.
2172 2183 2387 2238 Sulpicius
2417 2184 2551 2226 Rufus
2585 2184 2721 2238 (Brut.

197 2260 300 2315 203)
332 2259 407 2315 qui
439 2264 483 2302 et
514 2258 730 2302 subtiliter
752 2263 795 2301 et
826 2257 1128 2310 mediocriter,
1162 2262 1209 2300 ut
1239 2257 1295 2300 Μ.
1329 2257 1520 2300 Calidius
1555 2258 1691 2312 (Brut.
1723 2262 1836 2308 276).
1870 2259 1988 2301 Duos
2019 2263 2200 2311 tantum,
2233 2259 2287 2302 M.
2336 2259 2536 2303 Crassum
2582 2265 2626 2303 et
2670 2260 2726 2303 Μ.

198 2336 433 2378 Antonium
465 2335 614 2377 Cicero
646 2335 690 2376 in
721 2338 888 2377 oratore
919 2336 1053 2389 (106.)
1086 2334 1223 2388 magis
1257 2333 1313 2375 ad
1344 2348 1469 2376 omne
1502 2348 1636 2389 genus
1677 2340 1802 2390 aptos
1834 2334 1965 2377 fuisse
1997 2335 2120 2387 dicit,
2162 2349 2269 2390 quos
2301 2339 2446 2377 tamen
2477 2336 2569 2391 ipse
2601 2349 2727 2391 supe-

194 2413 316 2454 ravit.
348 2412 538 2461 Etenim,
570 2426 702 2465 quum
732 2411 890 2464 triplex
921 2425 1015 2451 esse
1048 2411 1232 2451 oratoris
1264 2410 1454 2451 officium
1486 2425 1572 2451 non
1603 2412 1806 2464 ignorans
1856 2411 2213 2462 Demosthenem,
2256 2412 2323 2452 cui
2354 2412 2397 2451 in
2430 2411 2625 2452 omnibus
2656 2425 2729 2465 ge-

196 2486 369 2530 neribus
401 2486 573 2529 dicendi
604 2486 794 2542 palmam
824 2485 996 2537 tribuit,
1029 2485 1111 2528 sibi
1142 2487 1441 2541 proposuisset
1473 2486 1773 2538 imitandum,-
1798 2486 1957 2541 triplici
1988 2487 2155 2529 ratione
2187 2486 2268 2529 sibi
2299 2501 2469 2541 quoque
2502 2487 2730 2529 dicendum

196 2577 290 2605 esse
322 2562 636 2604 arbitrabatur:
670 2561 887 2603 subtiliter
918 2562 961 2602 in
997 2561 1205 2611 docendo,
1237 2562 1515 2604 mediocriter
1546 2562 1588 2603 in
1623 2562 1894 2611 delectando,
1926 2562 2067 2617 ample
2088 2567 2222 2616 atque
2245 2563 2418 2616 copiose
2440 2563 2486 2603 in
2506 2562 2728 2605 movendo.

194 2639 387 2688 Quorum
417 2637 591 2691 quidem
620 2638 752 2679 trium
783 2650 990 2690 generum
1021 2636 1193 2678 dicendi
1225 2637 1425 2691 exempla
1454 2641 1554 2677 sunt
1586 2636 1839 2690 frequentia.
1907 2636 2124 2678 Nonnulla
2154 2637 2335 2678 contulit
2365 2637 2457 2691 ipse
2489 2637 2532 2678 in
2564 2641 2731 2679 oratore

197 2716 314 2767 (102,
351 2713 469 2767 103):
515 2711 650 2764 „Tota
679 2711 784 2754 mihi
827 2727 960 2754 causa
989 2727 1067 2765 pro
1100 2710 1288 2754 Caecina
1319 2712 1371 2754 de
1404 2712 1545 2753 verbis
1576 2712 1796 2754 interdicti
1825 2711 1929 2754 fuit:
1971 2727 2040 2754 res
2077 2712 2290 2754 involutas
2321 2712 2565 2754 definiendo
2597 2713 2731 2766 expli-

197 2788 441 2841 „cavimu3,
472 2788 538 2832 ius
571 2787 693 2831 civile
724 2786 1017 2838 laudavimus,
1050 2786 1181 2830 verba
1211 2786 1414 2841 ambigua
1445 2785 1741 2829 destinximus.
1774 2786 1883 2830 Fuitv
1910 2785 2125 2829 ornandus
2157 2787 2201 2829 in
2225 2785 2404 2830 Manilia
2432 2786 2528 2841 lege
2550 2786 2732 2841 Pompe-

198 2864 316 2917 „iusz
350 2867 595 2919 temperata
625 2863 822 2906 oratione
854 2861 1036 2905 ornandi
1078 2862 1247 2918 copiam
1289 2862 1506 2918 persecuti
1538 2875 1695 2904 sumus
1755 2861 1835 2905 Jus
1869 2874 1995 2904 omne
2026 2861 2279 2905 retinendae
2311 2861 2551 2905 maiestatis
2582 2861 2730 2905 Rabiri

197 2953 364 2992 „causa
394 2940 713 2984 continebatur:
746 2952 850 2995 ergo
883 2939 927 2982 in
958 2939 1072 2981 omui
1114 2952 1271 2995 genere
1303 2937 1651 2995 amplificationis
1689 2937 1938 2981 exarsimus.
1969 2938 2027 2982 At
2057 2937 2166 2981 haec
2197 2936 2415 2981 interdum
2445 2936 2729 2993 temperanda

199 3022 276 3069 „et
307 3016 516 3060 varianda
545 3021 656 3060 sunt.
713 3015 840 3069 Quod
870 3015 1003 3070 igitur
1032 3016 1076 3058 in
1108 3016 1394 3059 accusationis
1426 3019 1594 3071 septem
1624 3014 1746 3056 libris
1778 3027 1865 3057 non
1896 3014 2112 3069 reperitur
2142 3013 2309 3069 genus?
2338 3013 2455 3069 quod
2485 3013 2529 3056 in
2560 3013 2731 3065 Habiti,

199 3092 351 3148 „quod
378 3093 426 3135 -in
458 3091 649 3143 Corneli,
682 3091 800 3148 quod
834 3092 879 3134 in
910 3090 1105 3147 plurimis
1136 3091 1293 3134 nostris
1325 3083 1678 3134 defensiombus'?
1699 3123 1868 3132 ......
1894 3088 2063 3133 Confer.
2097 3091 2175 3145 (or.
2214 3091 2516 3144 loa—los).

478 3168 535 3211 At
564 3181 650 3211 non
681 3167 821 3210 solum
850 3166 896 3208 in
927 3165 1105 3220 singulis
1137 3167 1277 3209 causis
1316 3165 1495 3208 diversis
1527 3165 1755 3220 generibus
1788 3165 1960 3207 dicendi
1992 3179 2093 3207 usus
2126 3169 2211 3216 est,
2244 3164 2320 3207 sed
2352 3164 2483 3207 etiam
2513 3165 2557 3206 in
2588 3166 2732 3220 singu-

195 3244 246 3286 lis
280 3244 406 3286 unius
437 3243 646 3285 orationis
674 3243 872 3299 partibus
904 3241 961 3284 ab
985 3242 1070 3284 alio
1101 3242 1158 3284 ad
1189 3242 1307 3285 aliud
1338 3256 1473 3297 genus
1504 3242 1688 3284 transiit.
1719 3242 1789 3284 Ita
1809 3242 2060 3297 plerumque
2083 3242 2127 3283 in
2150 3240 2339 3283 exordiis
2372 3241 2512 3283 oratio
2537 3245 2603 3283 est
2623 3245 2731 3283 tem-

196 3324 350 3374 perata
379 3332 520 3373 neque
552 3319 692 3361 verbis
724 3318 849 3362 elatis
880 3319 1081 3368 incensa,
1114 3318 1159 3359 in
1189 3317 1508 3361 narrationibus
1540 3330 1673 3372 saepe
1704 3317 1892 3359 sermoni
1922 3315 2175 3371 quotidiano
2209 3329 2295 3372 non
2325 3315 2487 3370 impar,
2529 3316 2574 3358 in
2604 3329 2732 3369 argu-

194 3394 533 3437 mentationibus
564 3394 729 3446 tenuis,
761 3394 806 3437 in
836 3392 1184 3450 perorationibus
1218 3393 1444 3436 vehemens
1476 3397 1521 3437 et
1550 3392 1744 3436 incitata.
1788 3391 2063 3447 Comparavit
2093 3391 2225 3446 igitur
2258 3390 2408 3434 Cicero
2443 3391 2732 3434 elocutionem

196 3485 318 3514 suam
347 3470 430 3521 ita,
470 3474 519 3513 ut
550 3474 595 3513 et
624 3469 753 3513 rebus
779 3470 980 3513 tractatis
1013 3470 1261 3511 conveniret
1293 3474 1337 3511 et
1367 3468 1637 3512 auditoribus
1668 3468 1873 3523 placeret.
1907 3467 2027 3519 Quae
2060 3467 2115 3509 ab
2149 3472 2325 3511 auctore
2360 3467 2521 3522 dialogi
2552 3466 2605 3508 de
2637 3479 2733 3507 ora-

196 3546 361 3625 toribus
394 3548 422 3596 (.
457 3549 542 3599 22.)
575 3546 615 3588 ei
646 3546 748 3588 vitio
781 3545 962 3595 dantur,
993 3545 1110 3600 quod
1139 3546 1184 3587 in
1216 3544 1429 3599 prioribus
1463 3545 1752 3589 orationibus.
1791 3559 1921 3598 quam
1951 3558 2058 3597 quas
2092 3544 2177 3585 iam
2209 3544 2352 3585 senior
2384 3541 2644 3596 composuit,
2677 3541 2733 3582 sit
