2911 4066
1306 100 1376 159 —L
1418 128 1477 173 12
1517 154 1587 161 —
2735 91 2787 106 '²

452 259 827 304 Pronunciationis
858 260 999 305 altera
1027 275 1127 316 pars
1159 264 1226 304 est
1253 265 1405 305 motus.
1437 261 1595 314 Quem,
1625 266 1675 305 ut
1704 266 1855 318 aptum
1884 267 1930 306 et
1959 262 2164 307 decorum
2193 262 2276 306 sibi
2297 269 2596 321 commu-et,
2626 280 2700 311 ex·

174 333 422 378 callentium
452 349 610 379 scenae
642 340 839 380 actorum
869 352 971 379 usus
1004 350 1099 379 esse
1129 335 1327 379 traditur.
1373 336 1518 380 Etiam
1547 351 1575 380 a
1604 336 1854 380 doctoribus
1885 337 2083 390 Graecis,
2113 351 2296 393 quorum
2324 342 2571 395 praeceptis
2601 347 2700 385 erat

173 409 419 463 institutus,
450 415 595 454 motus
628 410 1014 455 conformationem
1045 410 1209 454 didicit.
1259 410 1413 467 Itaque
1444 411 1577 455 etiam
1608 424 1661 455 ea
1690 411 2059 468 pronunciationis
2088 425 2191 469 pars
2220 424 2362 470 neque
2391 413 2498 458 artis
2527 413 2702 460 institu-

172 486 291 529 tione
321 498 464 542 neque
496 487 807 531 exercitatione
839 487 991 530 caruit.
2700 504 2701 507 ¹

457 562 605 614 Qualis
635 575 737 605 vero
765 562 915 613 fuerit,
946 561 1214 616 intelligetur
1244 577 1296 606 ex
1326 562 1404 606 his.
1435 562 1485 606 In
1506 567 1674 608 oratore
1692 564 1815 619 (131)
1837 563 1988 608 Cicero
2008 569 2178 617 narrat,
2209 579 2256 608 se
2286 579 2467 620 puerum
2495 564 2703 609 infantem

171 636 216 678 in
246 636 447 680 manibus
477 636 690 688 tenuisse,
732 636 874 680 altera
902 637 946 679 in
977 651 1111 680 causa
1141 637 1330 681 excitato
1370 651 1446 681 reo
1476 638 1630 691 nobili,
1670 638 1843 682 sublato
1883 639 2015 683 etiam
2044 638 2133 683 filio
2163 645 2295 695 parvo
2326 639 2534 696 plangore
2564 644 2610 685 et
2638 640 2702 685 la-

171 712 439 755 mentatione
473 711 754 766 complevisse
785 712 935 755 forum.
968 712 1064 756 Alio
1095 712 1191 756 loco
1223 713 1359 768 (Brut.
1393 714 1495 767 278)
1527 713 1584 764 Μ
1618 712 1848 765 Calidium,
1889 714 1957 756 cui
1986 713 2253 769 respondit
2240 729 2286 757 ιιι
2317 728 2451 758 causa
2479 715 2528 767 Q.
2560 716 2702 768 Gallii,

172 786 463 842 vituperatum
494 801 521 830 a
551 800 597 830 se
629 791 800 839 narrat,
832 783 949 841 quod
980 803 1065 831 non
1095 801 1197 830 usus
1230 791 1346 831 esset
1375 792 1479 842 apto
1511 788 1703 842 corporis
1733 792 1864 831 motu.
1906 787 2051 831 Verba
2081 793 2199 831 sunt.
2248 787 2403 841 „Nulla
2430 790 2700 844 perturbatio

172 860 325 913 animi,
356 860 475 904 nulla
503 863 718 916 corporis3
749 861 868 905 frons
899 878 984 905 non
1014 876 1246 917 percussa,
1278 877 1363 905 non
1395 861 1554 914 femur;
1585 862 1729 917 pedis,
1760 862 1876 917 quod
1906 863 2141 906 minumum
2173 867 2259 915 est,
2290 863 2410 906 nulla
2439 864 2702 919 supplosio&

173 935 436 987 Quibuscum
468 937 503 979 si
537 937 668 980 xerba
700 952 752 980 ex
784 942 950 980 oratore
980 939 1102 992 (132)
1135 938 1376 992 perscripta
1408 938 1687 989 conferimus,
1719 939 1788 980 vix
1809 937 2127 989 dubitabimus
2158 938 2283 993 quin,
2313 938 2430 993 quod
2460 940 2503 981 in
2535 938 2701 983 Calidio

172 1011 456 1064 desideravit,
487 1013 581 1067 ipse
613 1012 758 1056 facere
790 1013 1069 1056 consueverit.

453 1087 662 1144 Singulis,
709 1088 862 1144 quibus
911 1093 1082 1133 constat
1132 1089 1400 1145 eloquentia,
1447 1090 1647 1133 tractatis
1693 1088 1888 1145 partibus
1935 1104 2143 1132 summam
2189 1089 2378 1134 omnium
2419 1091 2698 1145 sequentibus

172 1164 491 1219 comprehendi.
771 1212 776 1217 ,

453 1241 518 1284 Ex
548 1242 686 1284 tribus
719 1256 945 1284 causarum
977 1243 1206 1296 generibus
1239 1242 1389 1284 Cicero
1421 1242 1643 1296 amplexus
1676 1246 1742 1284 est
1772 1242 1879 1284 duo:
1911 1241 2231 1283 deliberativum
2260 1246 2305 1284 et
2324 1242 2534 1285 iudiciale.
2566 1243 2615 1284 In
2637 1244 2699 1285 eis

169 1316 410 1358 tractandis
442 1317 595 1367 aliam,
629 1332 678 1359 ac
711 1318 844 1359 ceteri
876 1321 1070 1359 oratores
1103 1321 1148 1359 et
1178 1318 1446 1371 superiorum
1485 1322 1728 1370 temporum
1760 1322 1805 1359 et
1835 1316 2060 1371 aequales,
2099 1317 2312 1359 rationem
2341 1317 2449 1360 iniit.
2510 1318 2700 1360 Gloriam

172 1390 286 1433 enim
317 1391 591 1446 eloquentiae
630 1397 679 1434 ut
710 1396 1067 1447 consequeretur,
1108 1392 1210 1446 quia
1241 1391 1322 1434 sibi
1353 1396 1658 1447 proposuerat,
1706 1405 1802 1433 cum
1833 1395 1989 1433 natura
2020 1395 2064 1433 et
2094 1391 2277 1446 ingenio,
2324 1406 2437 1447 quae
2468 1392 2524 1435 ad
2555 1392 2700 1436 dicen·

169 1467 271 1508 dum
301 1482 406 1509 sane
439 1469 620 1509 multum
653 1468 899 1519 conferunt,
931 1469 1043 1517 artis,
1068 1468 1383 1509 institutionem
1416 1473 1460 1509 et
1492 1467 1711 1509 assiduam
1742 1467 2097 1509 exercitationem
2130 1467 2473 1521 coniungendam
2504 1482 2598 1510 esse
2628 1478 2698 1511 ra-
2740 1512 2746 1518 ,

169 1547 240 1584 tus
273 1547 351 1585 est.
384 1543 548 1594 Quare,
582 1549 816 1598 antequam
847 1544 904 1586 ad
936 1558 1089 1586 causas
1122 1543 1313 1598 agendas
1346 1543 1593 1594 accederet,
1626 1544 1670 1584 in
1695 1542 1883 1584 omnium
1914 1541 2123 1584 bonarum
2155 1543 2332 1594 artium,
2364 1543 2570 1598 imprimis
2602 1544 2696 1598 phi-

170 1618 413 1674 losophiae,
445 1621 550 1662 iuris
584 1620 740 1670 civilis,
772 1620 999 1672 historiae,
1033 1620 1178 1663 studia
1207 1619 1423 1671 incubuit,
1456 1633 1596 1674 neque
1627 1631 1719 1661 rem
1739 1617 1872 1660 ullam
1901 1617 2115 1671 neglexit,
2148 1631 2234 1672 qua
2257 1617 2428 1675 dicendi
2447 1617 2719 1662 facultatem⁴

170 1694 252 1736 sibi
282 1701 460 1749 pararet
491 1696 870 1750 expeditissimam.
901 1696 1007 1738 Inde
1039 1696 1235 1750 profecta
1267 1699 1334 1737 est
1362 1696 1437 1737 illa
1468 1695 1658 1749 priorum
1689 1693 1932 1735 orationum
1953 1692 2009 1734 ab
2035 1692 2117 1743 eis,
2149 1706 2256 1746 quas
2288 1705 2419 1735 senex
2450 1694 2701 1748 composuit,

171 1767 418 1813 differentia
449 1771 663 1825 quaedam
695 1771 750 1813 ab
782 1776 959 1814 auctore
992 1754 1154 1825 dialogi
1185 1773 1238 1822 (c.
1257 1774 1330 1820 22)
1363 1773 1708 1813 commemorata.
1750 1767 1800 1810 In
1829 1767 1913 1810 illis
1946 1772 2129 1822 apparet
2158 1767 2295 1821 magis
2325 1772 2481 1810 natura
2513 1773 2556 1811 et
2586 1768 2701 1811 bona

171 1844 362 1896 indoles,
394 1846 439 1888 in
470 1846 537 1888 his
566 1848 704 1888 maior
735 1861 805 1889 ars
838 1851 882 1889 et
915 1847 1167 1889 exercitatio
1200 1861 1295 1888 cum
1328 1844 1479 1888 eadem
1512 1849 1668 1888 natura
1699 1844 1939 1886 coniuncta.

455 1922 795 1976 Reprehendunt
833 1922 1029 1976 quidam,
1076 1921 1191 1975 quod
1224 1926 1371 1962 orator
1400 1925 1548 1962 noster
1578 1919 1828 1974 saepissime
1874 1918 2076 1972 loquatur
2111 1918 2165 1959 de
2197 1931 2243 1959 se
2273 1918 2380 1982 ipso,
2412 1918 2541 1972 quod·
2560 1920 2698 1962 oratio

171 1995 263 2036 eius
295 1995 525 2037 verborum
558 1997 683 2050 copia
715 1996 972 2051 superfluat,
1005 1996 1121 2050 quod
1152 1997 1547 2049 argumentationes
1587 1995 1672 2036 sint
1703 1993 1950 2035 dissolutae.
2011 1993 2069 2034 At
2098 1996 2266 2044 tamen,
2307 1993 2342 2034 si
2373 1993 2699 2048 perpendimus,

168 2069 378 2124 plurimas
411 2084 564 2112 causas
597 2086 693 2113 cum
726 2072 943 2114 Ciceronis
974 2071 1148 2113 fortuna
1168 2071 1298 2112 fuisse
1325 2070 1599 2120 coniunctas,
1632 2069 1800 2123 copiam
1828 2068 2035 2111 orationis
2067 2067 2260 2109 audienti
2290 2068 2450 2122 populo
2470 2068 2701 2111 iucundam

171 2143 357 2198 denique
391 2159 565 2187 causam
596 2146 814 2187 interdum
855 2147 918 2187 ita
949 2150 1263 2200 comparatam,
1306 2149 1355 2185 ut
1385 2145 1547 2186 oratori
1577 2148 1756 2198 propter
1787 2140 1897 2184 eius*
1908 2142 2219 2198 turpitudinem
2257 2142 2421 2183 iudices
2452 2142 2696 2197 decipiendi

170 2220 309 2274 magis
337 2234 467 2275 quam
500 2222 710 2264 edocendi
742 2227 904 2264 essent:
937 2221 1130 2276 profecto
1164 2220 1531 2272 Ciceronem-non
1562 2219 1881 2270 accusabimus,
1929 2219 2063 2274 quod,
2093 2218 2247 2272 quibus
2280 2231 2453 2260 causam
2484 2218 2697 2260 iudicibus

171 2294 375 2337 redderet
406 2296 758 2351 probabiliorem,
791 2296 988 2339 omnibus
1019 2310 1121 2338 usus
1154 2297 1210 2338 sit
1241 2296 1405 2338 artibus
1438 2294 1721 2349 eloquentiae.
1762 2294 1919 2336 Omnes
1951 2295 2082 2348 igitur
2112 2294 2311 2344 virtutes,
2343 2307 2449 2347 quas
2480 2293 2524 2335 in
2556 2293 2698 2335 excel-

169 2369 277 2412 lenti
308 2376 481 2413 oratore
512 2373 652 2414 inesse
684 2378 874 2428 oportet,
917 2374 960 2413 in
993 2371 1199 2414 Cicerone
1231 2385 1400 2425 quoque
1432 2370 1563 2412 fuisse
1596 2370 1745 2412 videor
1773 2369 1878 2411 mihi
1909 2370 2160 2412 ostendisse.
2211 2368 2353 2419 Quare
2383 2368 2499 2423 quod
2531 2368 2698 2411 Seneca

172 2445 226 2487 de
259 2445 466 2489 Cicerone
498 2448 785 2503 praedicavit,
816 2463 903 2491 non
933 2448 1146 2490 immerito
1179 2447 1342 2489 dictum
1373 2460 1468 2488 esse
1500 2450 1617 2501 puto.
1669 2444 1911 2499 „Quidquid
1941 2444 2135 2487 Romana
2164 2443 2367 2486 facundia
2396 2443 2547 2496 habet,
2579 2444 2696 2499 quod

174 2522 412 2573 „insolenti
443 2523 652 2567 Graeciae
685 2529 761 2567 aut
792 2529 1003 2579 opponat,
1036 2528 1112 2565 aut
1143 2522 1382 2578 praeferat,
1416 2522 1531 2564 circa
1564 2520 1815 2563 Ciceronem
1846 2518 2045 2562 effloruit.
2078 2519 2234 2562 Omnia
2261 2518 2456 2573 ingenia,
2488 2532 2599 2573 quae
2630 2519 2695 2561 lu-

174 2631 192 2649 „
210 2610 305 2640 cem
335 2599 494 2641 nostris
526 2600 681 2642 studiis
713 2599 977 2651 attulerunt,
1024 2603 1127 2642 tunc
1158 2603 1263 2641 nata
1294 2601 1434 2640 sunt“.
1481 2596 1624 2639 Etiam
1666 2595 1949 2648 Quinctiliani
1993 2595 2125 2638 verba
2156 2595 2224 2651 (X.
2262 2598 2297 2647 1,
2332 2596 2431 2649 108)
2477 2609 2564 2637 non
2595 2599 2695 2637 sunt

169 2673 422 2728 ignoranda.
474 2676 608 2727 „Nam
638 2676 742 2719 mihi
773 2676 943 2719 videtur
983 2676 1037 2718 M.
1070 2674 1254 2726 Tullius,
1302 2687 1399 2716 cum
1430 2687 1475 2716 se
1506 2677 1646 2715 totum
1692 2672 1748 2714 ad
1777 2672 2063 2715 imitationem
2109 2671 2372 2714 Graecorum
2418 2670 2694 2720 contulisset,

176 2784 193 2802 „
211 2752 428 2796 effinxisse
465 2753 548 2794 vim
578 2752 899 2801 Demosthenis,
932 2751 1101 2806 copiam
1135 2750 1345 2801 Platonis,
1377 2748 1691 2791 iucunditatem
1722 2748 1969 2791 Isocratis“.

737 2967 969 3011 Cracoviae
1000 2981 1147 3009 mense
1178 2965 1294 3009 Julio
1325 2961 1689 3008 MDCCCLXVII.

2148 3175 2214 3218 M.
2245 3175 2303 3217 B.
