2911 4066
1342 152 1589 195 —4—

196 281 240 322 in
272 281 615 324 omni-sermone
646 282 786 337 possit
816 282 1034 335 adhiberi,
1065 283 1243 326 minoris
1275 289 1343 327 est
1371 286 1596 338 momenti,
1639 300 1769 341 quam
1806 286 1992 330 altemm
2020 285 2078 331 ab
2108 286 2204 342 ipsa
2234 287 2479 331 orationum
2509 288 2727 334 Tulliana·

196 369 290 396 rum
320 359 480 397 natura
510 355 797 412 desumptum.
829 358 993 400 Auctor
1022 357 1120 400 libri
1151 358 1208 401 ad
1228 358 1494 401 Herennium
1527 365 1572 402 et
1592 360 1754 403 *Cicero
1793 361 1839 403 in
1867 360 1979 404 libro
2009 361 2065 405 de
2094 362 2372 414 inventione,
2396 375 2493 405 eam
2523 363 2727 418 eloquem-

196 431 284 471 tiae
316 434 486 484 partem
516 431 562 473 in
594 446 670 473 sex
701 433 908 474 orationis
939 437 1086 486 partes
1118 434 1311 475 consumi
1352 434 1528 476 docent:
1570 435 1808 485 arordiwm,
1845 436 2156 488 narrationem,
2196 436 2464 488 divisionem,
2503 437 2726 491 confirma-

196 506 369 555 tionem,
403 496 755 559 confutationem,
795 507 1111 551 conclusionem.
1173 507 1302 560 Quod
1333 509 1508 564 quidem
1550 511 1595 553 in
1627 509 1846 554 Ciceronis
1877 511 2145 555 orationibus
2175 511 2339 555 factum
2369 516 2456 565 est,
2495 513 2541 555 i'n
2570 512 2725 567 quibus

195 581 341 623 insunt
383 581 579 631 exordia,
617 581 911 633 narrationeS,
954 582 1185 626 divisiones
1227 583 1598 636 confirmationeS,
1641 585 1946 638 refutationes,
1987 586 2283 630 conclusiones
2320 587 2388 630 vel
2416 587 2725 642 perorationes.

194 655 360 706 Quodsi
390 657 521 710 igitur
551 660 698 711 partes
729 658 988 700 inventionis
1019 672 1107 701 non
1140 658 1465 710 desiderantur,
1499 674 1552 702 ea
1582 661 1679 715 ipsa
1702 675 1874 715 quoque
1907 661 2126 704 Ciceronis
2158 661 2430 716 eloquentiae
2461 677 2547 705 non
2577 661 2726 705 defuit.

192 730 292 774 Fuit
322 731 567 774 inveniendi
608 731 794 775 facultas
834 737 878 775 et
909 747 962 775 ea
1001 733 1177 788 quidem
1218 750 1385 777 summa
1425 735 1557 777 etiam
1597 735 1641 776 in
1682 735 1778 777 aliis
1825 735 2087 787 oratoribus,
2129 740 2178 778 ut
2207 736 2252 778 in
2292 736 2491 788 Antonio,
2524 736 2725 792 Sulpicio,

194 805 364 859 Crasso,
396 806 647 850 Hortensio:
679 807 723 850 in
756 807 963 851 Cicerone
995 813 1142 852 tamen
1173 823 1269 852 eam
1302 809 1432 852 aliam
1463 808 1614 861 fuisse,
1658 824 1710 852 ex
1742 809 1973 865 disciplina
2003 810 2095 853 eius
2127 825 2445 866 cognoscemus.

476 881 640 927 Idonea
672 887 738 927 est
768 882 961 928 locorum
993 883 1134 940 copia,
1169 899 1221 929 ex
1252 884 1408 940 quibus
1441 884 1662 930 Ciceronis
1694 883 1923 941 disciplina
1953 889 2098 942 potest
2129 885 2341 942 cognosci.
2386 884 2498 931 Nam
2527 885 2572 931 in
2602 885 2725 939 libro,

192 958 266 1012 qui
297 958 529 1013 inscriptus
562 962 629 1000 est
653 959 850 1010 Brutus,
893 960 1065 1015 copiose
1106 960 1311 1002 disseruit
1352 960 1406 1002 de
1448 961 1537 1002 suis
1578 961 1713 1017 ipsius
1743 961 1986 1003 litterarum
2016 962 2181 1004 studiis.
2242 961 2433 1014 Quorum
2463 975 2628 1004 summa
2660 967 2725 1004 est

193 1032 319 1074 haec:
352 1033 492 1084 Quum
523 1047 608 1088 quo
630 1037 759 1076 natus
792 1038 857 1076 est
878 1039 1073 1090 tempore
1106 1034 1280 1088 Cicero,
1313 1035 1560 1091 eloquentia
1582 1036 1698 1092 apud
1720 1036 1896 1078 Latinos
1923 1036 2010 1078 iam
2040 1037 2223 1078 maxime
2254 1036 2450 1089 floreret,
2482 1037 2569 1079 alia
2597 1051 2726 1093 quam

193 1123 219 1150 a
250 1109 544 1163 superioribus
584 1111 828 1152 oratoribus
871 1111 1125 1166 disciplinae
1167 1112 1236 1154 via
1277 1117 1371 1154 erat
1409 1113 1711 1166 ingredienda,
1756 1113 1792 1153 si
1823 1114 1918 1166 quis
1950 1112 2124 1154 laudem
2154 1113 2426 1167 eloquentiae
2459 1113 2540 1155 sibi
2570 1127 2726 1168 parare

193 1184 409 1239 cupiebat.
442 1185 567 1236 Quod
600 1185 764 1236 Cicero,
797 1201 927 1239 quum
958 1186 1267 1237 intellexisset,
1300 1201 1464 1229 summo
1497 1188 1640 1229 studio
1674 1187 1930 1237 elaboravit,
1972 1192 2022 1229 ut
2059 1192 2292 1241 antequam
2323 1188 2380 1229 ad
2410 1202 2564 1230 causas
2595 1202 2725 1242 agen-

194 1259 273 1301 das
304 1260 553 1310 accederet,
597 1265 640 1303 et
671 1260 1025 1316 philosophorum
1066 1261 1266 1303 doctrina
1305 1261 1572 1303 imbueretur
1614 1266 1658 1303 et
1688 1262 1792 1303 iuris
1824 1276 1955 1316 quum
1991 1262 2172 1317 publici,
2211 1266 2303 1304 tum
2335 1262 2469 1304 civilis
2501 1263 2726 1305 scientiam

195 1334 277 1376 sibi
309 1340 485 1389 pararet
517 1341 561 1378 et
592 1350 734 1378 rerum
766 1341 986 1390 gestarum
1017 1337 1182 1391 peritus
1215 1342 1341 1379 esset.
1383 1337 1450 1379 Ita
1480 1338 1714 1380 instructus
1745 1337 1789 1378 in
1810 1336 2030 1391 publicum
2059 1337 2240 1392 prodiit,
2272 1353 2357 1380 non
2387 1342 2437 1380 ut
2466 1338 2653 1381 disceret
2681 1338 2727 1380 in

193 1409 297 1454 foro,
331 1409 407 1451 sed
439 1416 488 1451 ut
513 1410 606 1463 jam
638 1410 801 1462 aliquid
833 1410 1024 1453 adferret
1055 1411 1112 1453 ad
1142 1427 1234 1453 rem
1266 1412 1494 1464 publicam.
1536 1412 1727 1453 Fuerunt
1759 1412 1873 1453 enim
1903 1415 2098 1453 oratores
2130 1427 2277 1453 earum
2308 1412 2465 1454 artium
2495 1412 2726 1465 imperitis-

193 1484 309 1534 simi,
342 1488 391 1526 ut
423 1483 563 1534 Curio,
596 1485 669 1538 qui
700 1484 864 1526 nullum
896 1487 1072 1539 poetam
1103 1486 1296 1536 novisse,
1329 1485 1493 1528 nullum
1524 1490 1742 1528 oratorem
1772 1484 1949 1539 legisse,
1981 1485 2144 1528 nullam
2174 1486 2424 1528 memoriam
2455 1486 2726 1540 antiquitatis

193 1559 442 1613 collegisse;
491 1576 577 1603 non
608 1560 828 1614 publicum
859 1561 946 1611 ius,
989 1577 1076 1603 non
1107 1562 1322 1616 privatum
1355 1567 1398 1604 et
1431 1561 1553 1603 civile
1586 1562 1835 1615 cognovisse
1868 1561 2047 1614 dicitur3
2098 1561 2202 1616 (Cic.
2233 1561 2351 1605 Brut.
2385 1577 2419 1604 c.
2444 1565 2511 1613 59,
2544 1563 2646 1617 214)
2677 1568 2727 1605 ut

192 1636 403 1678 Antonius
438 1641 480 1678 et
513 1636 748 1690 Sulpicius,
781 1637 854 1689 qui
886 1636 970 1678 illis
1003 1637 1169 1679 artibus
1202 1653 1355 1691 parum
1387 1637 1587 1679 instructi
1619 1636 1749 1678 fuisse
1781 1636 1942 1679 ibidem
1974 1636 2184 1679 dicuntur.
2246 1636 2395 1690 Neque
2426 1651 2526 1679 vero
2556 1641 2726 1680 tantum

189 1711 235 1752 in
267 1710 478 1753 bonarum
510 1711 667 1753 artium
699 1711 854 1753 studiis
889 1711 1040 1755 Cicero
1074 1727 1252 1767 operam
1285 1713 1549 1767 consumpsit
1582 1711 1660 1755 sed
1693 1712 1825 1753 etiam
1858 1712 1918 1753 eis
1949 1711 2078 1754 rebus
2111 1711 2329 1754 orationes
2361 1726 2460 1754 suas
2492 1712 2725 1755 exornavit.

190 1785 342 1840 Itaque
386 1786 760 1841 frequentissimae
801 1791 901 1828 sunt
944 1787 1296 1843 philosophorum
1339 1788 1580 1829 sententiae
1624 1787 1889 1829 orationibus
1922 1787 2012 1829 eius
2044 1787 2253 1838 insertae,
2286 1800 2392 1841 quas
2425 1786 2599 1842 collegit
2628 1786 2724 1830 La·-

192 1861 427 1914 gnerius
459 1862 502 1902 in
534 1861 666 1903 libro:
702 1862 918 1904 Ciceronis
949 1863 1178 1904 sententiae
1219 1863 1490 1915 insiym'ores,
1531 1861 1877 1915 apophteqmata,
1909 1861 2145 1915 parabolae
2174 1875 2248 1903 seu
2277 1861 2437 1903 similia
2468 1862 2611 1903 omnia
2641 1861 2722 1904 col-

189 1934 306 1978 lecta.
341 1933 553 1989 (Parisiis
571 1938 912 1991 1540·-1548).
946 1936 1070 1988 Quod
1094 1936 1210 1980 idem
1247 1941 1429 1990 apparet
1451 1951 1503 1978 ex
1536 1935 1754 1978 Ciceronis
1775 1934 1933 1987 verbis,
1973 1948 2083 1990 quae
2111 1934 2311 1989 leguntur
2340 1934 2384 1977 in
2405 1934 2514 1978 libro
2547 1934 2600 1978 de
2632 1940 2721 1978 nat.

190 2009 306 2052 deor.
339 2009 365 2052 l.
397 2010 428 2052 I.
462 2014 499 2059 3,
532 2011 606 2052 ubi
638 2011 856 2053 orationes
889 2026 988 2053 suas
1013 2011 1366 2064 philosophorum
1396 2011 1613 2053 sententiis
1646 2011 1824 2063 refertas
1856 2010 1974 2052 dixit.
2007 2009 2143 2065 (Conf.
2177 2010 2262 2052 Cic.
2293 2010 2412 2052 Brut.
2445 2013 2562 2065 322)·.
2614 2010 2724 2054 Item

188 2085 293 2129 iuris
326 2089 370 2129 et
401 2085 563 2141 publici
596 2090 638 2129 et
670 2086 826 2141 privati
859 2086 1067 2129 scientiae
1099 2086 1315 2142 permulta
1347 2091 1446 2129 sunt
1477 2085 1634 2129 ineius
1667 2085 1932 2129 orationibus
1964 2085 2157 2141 vestigia.
2191 2085 2589 2129 Commemorantur
2612 2086 2726 2130 enim

188 2160 431 2219 permultae
462 2160 580 2216 leges
612 2177 845 2216 earumque
894 2161 1137 2205 sententiae
1171 2161 1343 2216 copiose
1376 2161 1565 2204 maxima
1608 2176 1705 2204 cum
1735 2160 1894 2216 peritia
1925 2159 2215 2216 explicantur,
2255 2160 2375 2204 cuius
2405 2160 2468 2204 rei
2499 2164 2725 2217 praestans

189 2237 433 2292 exemplum
463 2238 644 2292 legimus
676 2238 720 2280 in
752 2237 1035 2288 Plancianae,
1070 2241 1265 2280 41—47.
1298 2236 1384 2281 Sed
1416 2237 1509 2292 ipse
1542 2250 1713 2292 quoque
1745 2236 1790 2279 in
1811 2235 1946 2280 Bruto
1970 2237 2091 2291 (322)
2115 2235 2196 2280 sibi
2227 2236 2330 2279 iuris
2363 2235 2496 2280 civilis
2527 2236 2727 2292 peritiam

189 2329 274 2355 non
306 2313 494 2355 defuisse
526 2312 782 2367 significavit
813 2313 974 2356 verbis:
1012 2312 1155 2364 „Nihil
1187 2313 1240 2355 de
1273 2328 1341 2354 me
1374 2312 1539 2363 dicam,
1582 2311 1722 2354 dicam
1754 2311 1807 2353 de
1841 2312 2018 2362 ceteris,
2061 2326 2230 2366 quoque
2261 2325 2386 2354 nemo
2419 2316 2529 2363 erat,
2561 2312 2634 2366 qui
2661 2312 2725 2355 vi-

193 2425 209 2439 „
229 2389 406 2432 deretur
438 2389 690 2443 exquisitius
722 2405 853 2443 quam
885 2388 1035 2443 vulgus
1067 2388 1287 2431 hominum
1320 2387 1537 2430 studuisse
1569 2387 1725 2439 literis,
1758 2386 1912 2441 quibus
1944 2386 2040 2430 fons
2070 2386 2288 2442 perfectae
2321 2387 2592 2442 eloquentiae
2624 2402 2725 2431 con-

193 2466 408 2517 „tinetur;
441 2480 578 2515 nemo,
611 2466 684 2519 qui
716 2464 1035 2519 philosophiam
1068 2463 1316 2519 complexus
1357 2469 1496 2514 esset,
1536 2468 1719 2506 matrem
1759 2463 1948 2505 omnium
1978 2463 2087 2505 bene
2119 2462 2331 2505 factorum
2362 2462 2556 2518 beneque
2587 2463 2725 2506 dicto-

192 2553 338 2592 „rum3
382 2555 518 2589 nemo,
562 2541 635 2593 qui
667 2540 736 2582 ius
768 2538 887 2581 civile
918 2538 1163 2589 didicisset,
1206 2554 1298 2580 rem
1330 2538 1386 2581 ad
1418 2539 1609 2594 privatas
1658 2553 1811 2580 causas
1853 2543 1896 2581 et
1928 2538 1983 2581 ad
2015 2539 2198 2581 oratoris
2237 2539 2511 2594 prudentiam
2540 2539 2724 2581 maxime

190 2651 206 2666 ‚,
226 2616 535 2667 necessariam3
577 2620 656 2657 etc.
718 2615 878 2657 Rerum
910 2627 1080 2669 quoque
1123 2618 1344 2668 gestarum
1387 2616 1596 2656 memoria
1627 2614 1856 2668 singularis
1887 2613 1968 2657 fuit
1998 2614 2043 2656 in
2075 2619 2246 2657 oratore
2278 2619 2438 2665 nostro,
2480 2614 2596 2669 quod
2626 2628 2725 2669 pro-

187 2692 317 2733 batur
347 2707 479 2745 quum
511 2691 806 2745 exemplorum
838 2691 965 2744 copia
994 2695 1086 2732 tum
1117 2689 1201 2731 loci
1234 2704 1285 2731 ex
1308 2690 1443 2732 Bruto
1474 2690 1641 2732 laudati
1673 2691 1969 2744 sequentibus:
2005 2704 2168 2741 „nemo,
2200 2691 2273 2744 qui
2303 2691 2553 2732 memoriam
2582 2705 2725 2733 rerum

196 2801 212 2818 „
232 2768 523 2808 Romanorum
555 2771 745 2817 teneret,
789 2780 841 2807 ex
872 2780 979 2821 qua,
1024 2767 1060 2806 si
1090 2765 1264 2819 quando
1296 2781 1403 2820 opus
1437 2771 1572 2817 esset,
1615 2766 1670 2807 ab
1702 2766 1848 2808 inferis
1879 2766 2254 2821 locupletissumos
2285 2771 2419 2807 testes
2453 2767 2714 2818 excitaret;“

475 2843 638 2894 Quibus
693 2843 859 2885 artibus
907 2843 1164 2892 instructus,
1197 2856 1327 2895 quum
1373 2842 1429 2884 ad
1461 2856 1614 2884 causas
1661 2842 1851 2896 agendas
1899 2844 2172 2894 accessisset,
2204 2842 2362 2897 triplex
2408 2843 2591 2885 oratoris
2623 2841 2717 2885 offi-

188 2921 301 2961 cium
347 2919 464 2961 haud
506 2919 738 2962 difficulter
777 2918 965 2973 explevit
1003 2918 1175 2972 ,quippe
1212 2919 1306 2971 qui,
1351 2919 1570 2960 auditores
1612 2918 1766 2972 quibus
1806 2919 1935 2960 rebus
1977 2919 2170 2968 doceret,
2215 2918 2472 2969 delectaret,
2513 2923 2723 2970 moveret,

186 2996 359 3036 minime
392 2995 624 3048 ignoraret.
657 2995 970 3045 Quamobrem,
1015 2994 1119 3047 quid
1150 2994 1231 3035 sibi
1264 3009 1360 3034 cum
1391 2994 1638 3035 adversario
1672 2995 1919 3035 conveniret
1961 2999 2005 3035 et
2035 2994 2139 3048 quid
2182 2997 2298 3035 esset
2336 2994 2380 3034 in
2412 2994 2724 3044 controversia,

185 3069 312 3112 facile
345 3069 603 3124 reperiebat.
635 3069 745 3112 Item
776 3084 942 3121 rerum,
984 3069 1037 3111 de
1070 3069 1225 3123 quibus
1258 3074 1352 3110 erat
1383 3068 1637 3120 dicendum,
1680 3073 1878 3111 naturam
1909 3083 1994 3111 non
2026 3069 2250 3124 ignorans,
2293 3068 2396 3123 quid
2428 3073 2544 3110 esset
2573 3068 2724 3124 ampli-

188 3145 408 3187 ficandum
440 3146 596 3199 quidve
627 3145 908 3187 minuendum
929 3159 1030 3186 mox
1052 3144 1334 3199 intelligebat.
1365 3145 1598 3186 Maximam
1621 3159 1720 3185 vero
1742 3145 1975 3186 utilitatem
1998 3150 2041 3185 et
2063 3159 2114 3185 ex
2136 3145 2342 3185 historiae
2364 3149 2408 3184 et
2429 3144 2725 3200 philosophiae

192 3222 348 3263 studiis
381 3221 650 3276 percipiebat
689 3222 733 3263 in
766 3221 1035 3263 delectandis
1078 3225 1123 3263 et
1155 3221 1471 3262 commovendis
1504 3221 1749 3261 auditorum
1780 3221 1944 3262 animis.
2006 3220 2116 3261 Nam
2158 3220 2288 3261 animi
2318 3219 2494 3260 humani
2524 3225 2724 3261 naturam

187 3312 273 3340 non
303 3298 531 3351 ignorans,
570 3297 674 3352 quid
707 3298 860 3352 cuique
893 3297 1133 3339 animorum
1164 3297 1299 3339 motui
1333 3296 1600 3347 conveniret,
1640 3296 1845 3350 quibusve
1884 3296 2011 3338 rebus
2054 3295 2321 3337 audientium
2352 3295 2482 3336 animi
2514 3294 2724 3350 pelleren-

189 3379 280 3426 tur,
313 3373 518 3415 facillime
549 3373 807 3428 reperiebat.
841 3373 898 3415 Et
930 3387 983 3415 ex
1015 3386 1068 3415 ea
1097 3372 1307 3415 facultate
1341 3377 1492 3415 exorta
1524 3376 1623 3413 sunt
1654 3372 1728 3414 illa
1758 3377 1864 3426 apta
1896 3372 2092 3421 exordia,
2124 3371 2191 3412 vel
2222 3371 2277 3413 ab
2300 3371 2526 3425 iniquitate
2558 3376 2724 3426 tempo·

187 3463 297 3500 rum,
330 3453 378 3491 ut
408 3450 453 3490 in
485 3448 753 3490 orationibus
786 3463 863 3503 pro
896 3448 936 3491 S.
969 3449 1125 3491 Roscio
1156 3449 1371 3499 Amffl'ino,
1403 3462 1482 3503 pro
1514 3448 1559 3489 T.
1591 3449 1730 3489 Annio
1762 3448 1946 3497 Milone,
1986 3461 2064 3501 pro
2096 3461 2196 3500 rege
2228 3447 2445 3497 Deiotaro,
2479 3447 2720 3501 desumpta,

189 3526 252 3566 vel
285 3541 310 3566 a
342 3525 536 3579 personis
569 3524 933 3574 adversariorum,
974 3528 1021 3565 ut
1051 3525 1095 3564 in
1126 3524 1233 3565 Phil.
1273 3524 1324 3564 11.
1358 3524 1424 3564 vel
1455 3523 1666 3573 iudicum,
1709 3528 1757 3564 ut
1788 3524 1831 3563 in
1872 3523 2067 3564 oratione
2110 3537 2187 3576 pro
2221 3522 2294 3564 Cu.
2327 3522 2515 3570 Plancio,
2547 3522 2613 3562 vel
2644 3535 2723 3562 sua

188 3600 322 3653 ipsius
355 3599 563 3654 repetita,
595 3599 695 3640 inde
729 3599 930 3653 copiosae
962 3599 1252 3648 narrationes,
1285 3603 1332 3640 ut
1364 3599 1407 3640 in
1429 3598 1466 3639 V
1470 3597 1643 3642 errinis,
1676 3598 1830 3652 quihus
1863 3597 2025 3639 iudices
2060 3603 2102 3639 et
2125 3597 2333 3639 docentur
2365 3602 2408 3638 et
2430 3596 2702 3637 delectantur
