2911 4066
1357 173 1601 217 —6—

484 304 580 357 Qua
609 305 653 347 in
684 303 960 360 eloquentiae
992 310 1118 361 parte
1147 304 1300 349 Cicero
1330 304 1457 349 facile
1488 307 1689 363 princeps
1718 307 1879 359 evasit,
1909 307 2070 363 quippe
2100 306 2174 362 qui
2203 320 2337 362 quum
2365 321 2477 365 pura
2505 314 2553 353 et
2580 324 2729 355 emen·-

203 380 310 424 data
338 380 555 424 locutione
601 385 696 424 tum
726 381 939 436 exquisito
985 394 1143 436 genere
1188 380 1360 423 dicendi
1391 382 1598 436 aequales
1627 382 1905 438 superaverit.
1964 382 2105 426 Pnrae
2135 387 2181 426 et
2211 383 2469 428 emendatae
2497 370 2731 429 locutionis

203 455 290 507 vel,
321 462 435 511 quae
466 455 622 500 eadem
653 461 741 509 est,
772 456 1001 501 latinitatis
1030 455 1126 499 laus
1158 460 1203 499 et
1233 469 1261 499 a
1290 456 1507 501 veteribus
1539 461 1584 500 et
1613 470 1641 500 a
1660 457 1975 502 recentioribus
2004 458 2044 501 ei
2065 460 2158 502 sine
2190 459 2483 503 controversia
2509 459 2729 504 tribuitur.

205 530 329 574 Unde
359 530 581 586 profectus
613 537 680 574 est
710 546 802 574 mos
833 531 887 574 de
918 530 1100 575 aliorum
1131 532 1304 587 scriptis
1336 546 1413 587 pro
1444 532 1606 575 maiore
1638 538 1714 576 aut
1743 534 1909 577 minore
1939 547 2037 577 cum
2054 533 2338 578 Ciceroniana
2366 534 2584 578 locutione
2613 535 2732 577 simi-

188 606 385 668 ‚litudine
417 612 494 650 aut
523 608 633 650 bene
665 613 741 649 aut
770 607 882 649 male
914 607 1145 651 iudicandi.
1177 607 1282 651 Eius
1313 609 1427 650 enim
1457 609 1661 663 loquendi
1690 610 1803 653 ratio
1833 611 1958 665 quasi
1988 610 2227 666 perfectum
2258 616 2304 654 et
2322 611 2568 655 absolutum
2596 610 2733 666 quod-

202 683 303 724 dam
335 683 579 738 exemplum
611 688 677 724 est
707 682 870 725 habita„

484 757 549 798 Ex
580 762 773 799 veterum
804 758 1063 801 testimoniis
1095 758 1388 813 proferantur,
1420 772 1531 812 quae
1563 759 1667 800 mihi
1699 760 1790 801 visa
1820 765 1921 801 sunt
1952 761 2215 802 auctoritate
2247 762 2448 802 summas
2473 760 2603 816 Apud
2632 775 2734 803 auc-

200 836 342 875 torem
372 831 533 887 dialogi
565 831 619 876 de
652 832 897 876 oratoribus
930 835 984 889 (c.
1009 836 1081 888 22)
1113 833 1295 888 legimus
1326 833 1453 876 haec:
1489 833 1681 886 „Primus
1712 832 1901 888 (Cicero)
1925 834 2039 877 enim
2060 834 2249 878 excoluit
2278 834 2536 886 orationem,
2568 835 2732 891 primus

205 942 222 958 ,,
239 912 283 950 61
314 907 455 950 verbis
487 907 671 950 delectis
702 908 903 951 adhibuit
934 914 978 951 et
1010 909 1310 963 compositioni
1343 914 1517 951 artem.“
1574 908 1696 951 Alter
1726 909 1843 952 haud
1874 910 2050 952 minoris
2082 910 2306 964 gravitatis
2337 909 2458 952 locus
2489 913 2555 952 est
2585 909 2630 952 in
2661 909 2730 952 Ci-

201 983 369 1025 ceronis
400 982 536 1025 Bruto
568 984 711 1037 (253),
743 983 819 1026 ubi
860 983 1057 1026 Caesaris
1098 983 1304 1026 iudicium
1348 984 1400 1026 de
1434 984 1640 1027 Cicerone
1683 989 2054 1027 commemoratur.
2096 985 2242 1028 Verba
2271 989 2372 1027 sunt
2400 984 2529 1027 haec:
2564 997 2641 1036 „ac
2671 984 2732 1031 si,

205 1062 285 1110 „ut
317 1057 509 1113 cogitata
540 1058 765 1113 praeclare
799 1058 941 1114 eloqui
973 1064 1172 1114 possent,
1206 1074 1290 1102 non
1329 1059 1432 1102 nulli
1464 1059 1607 1102 studio
1648 1064 1691 1101 et
1721 1073 1801 1101 usu
1833 1059 2184 1111 elaboraverunt,
2216 1060 2338 1115 cujus
2368 1064 2412 1102 te
2443 1073 2581 1115 paene
2613 1059 2728 1115 prin-

202 1133 375 1189 „cipem
406 1133 557 1189 copiae
590 1139 723 1189 atque
753 1135 1021 1177 inventorem
1052 1135 1162 1178 bene
1195 1135 1247 1177 de
1282 1136 1451 1178 nomine
1484 1150 1536 1178 ac
1567 1135 1780 1190 <lignitate
1813 1136 1960 1190 populi
1991 1136 2173 1178 Romani
2204 1136 2407 1177 meritum
2438 1149 2532 1178 esse
2566 1136 2725 1178 existu-

202 1241 219 1260 „
237 1222 356 1251 mare
387 1209 632 1251 debemus.“
669 1210 830 1261 Quodsi
863 1210 1024 1253 Caesar
1055 1213 1211 1265 etipse
1244 1212 1427 1266 scriptor
1459 1212 1802 1265 elegantissimus
1834 1216 1878 1252 et
1898 1211 2031 1262 idem,
2064 1211 2137 1265 qui
2168 1211 2222 1252 de
2254 1211 2461 1252 orationis
2492 1216 2568 1252 aut
2598 1211 2730 1251 virtu-

197 1284 314 1328 tibus
345 1289 422 1328 aut
452 1285 567 1328 vitiis
599 1300 729 1340 quam
760 1286 980 1329 verissime
1012 1287 1204 1343 potuerit
1234 1287 1447 1338 iudicare,
1480 1287 1609 1329 iudex
1632 1286 1938 1341 peritissimus,
1970 1300 2099 1340 quem
2128 1285 2298 1328 Atticus
2330 1285 2445 1340 apud
2478 1284 2729 1328 Ciceronem

199 1358 336 1410 (Brut.
370 1374 403 1402 c.
439 1363 505 1412 72,
541 1364 643 1415 252)
681 1395 697 1413 „
717 1375 985 1403 acerrumum
1018 1361 1404 1405 existumatorem“
1450 1361 1642 1417 appellat
1683 1366 1727 1402 61
1756 1361 1917 1402 ibidem
1954 1362 2174 1412 „omnium
2206 1361 2293 1402 fere
2327 1365 2545 1402 oratorum
2576 1360 2729 1402 Latine

202 1434 353 1489 „loqui
386 1435 732 1490 elegantissime“
768 1436 895 1486 dicit,
934 1437 1007 1491 qui
1049 1437 1235 1491 denique
1277 1437 1329 1479 de
1361 1438 1529 1479 ratione
1573 1437 1706 1478 latine
1738 1436 1941 1490 loquendi
1973 1437 2270 1477 acuratissime
2302 1436 2474 1490 scripsit
2505 1436 2729 1490 primoque

202 1510 281 1562 „in
312 1510 422 1554 libro
455 1511 585 1563 dixit,
619 1511 844 1555 verborum
876 1512 1093 1556 delectum
1124 1513 1335 1567 originem
1367 1526 1461 1555 6336
1494 1512 1792 1568 eloquentiae“
1828 1512 1900 1567 qui
1933 1511 2075 1554 Gellio
2107 1516 2220 1554 teste
2253 1511 2301 1565 (1,
2339 1515 2407 1566 10)
2439 1511 2483 1552 111
2507 1511 2643 1567 primo
2675 1511 2730 1553 de

197 1586 400 1641 :malogia
429 1587 539 1630 libro
572 1588 765 1643 scripsit:
812 1622 829 1640 „
849 1588 961 1631 habe
1004 1602 1175 1644 semper
1212 1589 1256 1631 in
1287 1589 1495 1631 memoria
1536 1593 1666 1643 atque
1699 1589 1742 1630 in
1774 1593 1961 1643 pectore,
2002 1593 2050 1629 ut
2080 1592 2287 1642 tanquam
2318 1587 2540 1642 scopulum
2571 1588 2632 1629 sic
2664 1587 2727 1628 fu-

201 1661 326 1715 „gias
357 1661 599 1704 inauditum
630 1667 762 1717 atque
794 1663 983 1705 insolens
1016 1663 1239 1715 verbum·⁴,
1282 1663 1435 1718 quodsi
1469 1664 1629 1705 Caesar
1659 1663 1750 1714 ille,
1797 1663 2048 1704 Ciceronem
2089 1661 2292 1716 loquendi
2333 1662 2501 1703 ratione
2533 1661 2643 1703 bene
2674 1662 2728 1702 de

197 1751 242 1778 re
275 1736 451 1791 publica
481 1738 677 1780 Romana
707 1738 908 1780 meritum
941 1753 1035 1781 esse
1068 1739 1196 1791 dixit,
1239 1740 1500 1793 singularem
1543 1739 1736 1794 profecto
1767 1738 2020 1781 facultatem
2060 1738 2177 1780 illam
2209 1738 2252 1779 in
2284 1742 2455 1780 oratore
2487 1742 2633 1780 nostro
2666 1737 2729 1779 fu-

195 1812 280 1852 isse
312 1816 513 1866 putemus
545 1826 722 1855 necesse
756 1818 834 1855 est.

483 1889 546 1928 Ex
579 1890 892 1929 recentioribus
924 1890 1176 1944 Bernhardy
1210 1891 1252 1929 in
1284 1890 1393 1930 libro
1430 1890 1715 1940 „Latinamm
1746 1889 1988 1929 litterarum
2019 1888 2230 1928 historia*
2278 1892 2321 1928 et
2352 1888 2652 1928 VVestermann
2685 1888 2728 1927 in

198 1964 310 2004 libro
347 1965 649 2018 „eloquentiae
682 1966 799 2018 apud
830 1967 1049 2008 Romanos
1080 1967 1302 2015 historia“,
1335 1967 1499 2007 meritis
1532 1967 1732 2007 laudibus
1765 1966 1960 2007 Ciceroni
1992 1965 2195 2018 loquendi
2227 1980 2361 2017 genus
2393 1964 2727 2005 celebraverunt.

478 2041 660 2083 Locutio
692 2047 838 2082 autem
878 2057 987 2095 pura
1031 2047 1075 2084 et
1106 2042 1338 2083 emendata
1380 2047 1550 2083 constat
1582 2047 1626 2083 et
1656 2041 1883 2083 verborum
1915 2040 2085 2082 delectu
2128 2045 2170 2082 et
2201 2056 2332 2093 quum
2363 2038 2626 2092 singularum
2656 2055 2728 2081 vo-

195 2130 292 2156 cum
324 2122 416 2157 tum
449 2117 763 2158 sententiarum
795 2123 900 2171 apta
932 2118 1255 2172 compositione.
1318 2118 1481 2168 Quibus
1521 2117 1651 2158 rebus
1683 2132 1710 2158 a
1742 2117 1947 2157 Cicerone
1979 2131 2188 2157 summam
2221 2130 2367 2156 curam
2398 2115 2637 2157 adhibitam
2667 2115 2728 2156 vi—

193 2192 345 2233 demus
379 2197 422 2233 et
454 2207 506 2233 ex
537 2194 803 2234 orationibus
836 2194 941 2247 ipsis
974 2199 1018 2235 61
1049 2207 1101 2234 ex
1133 2194 1239 2235 locis
1271 2195 1458 2247 aliquot,
1491 2194 1647 2247 quibus
1679 2207 1819 2234 sermo
1852 2199 1918 2233 631
1949 2192 2002 2233 (16
2034 2192 2251 2233 10611110116
2284 2191 2468 2233 oratoris
2500 2192 2647 2233 nostri.

478 2269 631 2321 Atque,
664 2283 795 2322 quum
817 2274 1037 2312 oratorum
1060 2268 1333 2322 eloquentiae
1356 2268 1687 2310 moderatricem
1708 2267 1841 2310 fuisse
1872 2267 2118 2310 auditorum
2141 2266 2412 2321 prudentiam
2442 2266 2536 2321 ipse
2558 2273 2635 2321 (or.
2655 2270 2727 2320 24)

196 2342 474 2398 profiteatur,
506 2344 550 2386 in
582 2344 849 2387 orationibus
883 2358 979 2387 eam
1009 2344 1150 2399 legem
1190 2358 1286 2387 eum
1320 2344 1612 2387 observ-<ivisse
1645 2357 1731 2387 non
1762 2343 1899 2386 solum
1931 2342 2159 2385 verisimile
2192 2347 2275 2393 est,
2315 2341 2392 2384 sed
2423 2342 2554 2385 etiam
2585 2356 2727 2386 exem-

195 2417 277 2473 plis
310 2432 363 2460 ex
395 2418 662 2461 orationibus
693 2419 892 2474 repetitis
924 2419 1144 2474 probatur.
1176 2419 1458 2475 Temporibus
1490 2424 1636 2461 autem
1666 2418 1750 2460 illis
1782 2418 1896 2460 cives
1926 2418 2108 2460 Romani
2140 2417 2289 2459 urbem
2319 2417 2557 2460 incolentes
2588 2431 2728 2472 neque

195 2493 359 2534 ordinis
390 2493 525 2534 infimi
555 2494 791 2535 utebantur
821 2494 977 2535 Latino
1010 2508 1226 2541 sermone,
1260 2495 1332 2547 qui
1365 2495 1539 2535 minime
1572 2494 1749 2535 carebat
1783 2494 2024 2546 elegantia,
2064 2494 2290 2535 verborum
2321 2493 2549 2546 splendore
2582 2497 2626 2534 et
2657 2507 2728 2534 co-

196 2570 279 2624 pia.
310 2569 560 2612 Extiterant
607 2570 721 2611 enim
752 2569 857 2611 clari
890 2575 933 2612 61
966 2575 1161 2613 oratores
1205 2576 1249 2612 61
1281 2575 1457 2625 poetae,
1506 2575 1553 2611 ut
1584 2568 1639 2610 Μ.
1674 2568 1873 2619 Crassus,
1918 2574 1966 2610 ut
1998 2568 2041 2610 C.
2075 2569 2256 2618 Caesar,
2301 2573 2350 2610 ut
2381 2568 2427 2618 Q.
2459 2567 2727 2616 Hortensius,

196 2651 242 2688 ut
274 2646 513 2688 Terentius.
544 2646 747 2701 Legimus
780 2648 893 2689 6111111
924 2646 1041 2702 apud
1073 2634 1325 2689 Ciceronem
1358 2647 1494 2702 (Brut.
1524 2650 1622 2699 161)
1655 2644 1784 2686 haec:
1821 2645 1961 2699 „quod
1991 2645 2153 2687 idcirco
2184 2645 2331 2701 posui,
2364 2649 2411 2686 ut
2442 2645 2614 2685 dicendi
2644 2644 2727 2685 La-

199 2723 313 2773 „tine
350 2723 516 2777 „prima
545 2723 793 2774 maturitas,
825 2723 869 2763 111
900 2736 987 2777 qua
1017 2728 1211 2765 aetatate
1244 2724 1481 2774 extitisset,
1520 2727 1668 2778 posset
1706 2723 1847 2763 notari
1879 2727 1923 2763 et
1954 2722 2279 2775 intellegeretur
2309 2721 2396 2763 iam
2427 2721 2483 2762 ad
2515 2735 2724 2762 summam

199 2811 371 2853 „paene
404 2811 498 2840 esse
530 2798 806 2859 perductam,
851 2804 897 2841 ut
929 2812 979 2841 eo
1011 2799 1117 2841 nihil
1148 2799 1281 2841 ferme
1313 2800 1541 2854 quisquam
1572 2799 1733 2842 addere
1765 2804 1935 2854 posset,
1977 2798 2059 2840 nisi
2089 2798 2163 2853 qui
2193 2812 2221 2840 a
2251 2796 2550 2853 philosophia,
2579 2812 2605 2839 a
2635 2797 2727 2839 iure

199 2908 216 2925 „
236 2873 375 2924 civili,
404 2874 459 2916 ab
491 2874 673 2916 historia
703 2873 858 2916 fuisset
887 2874 1175 2917 instruction*
1243 2875 1555 2917 Consuetudini
1593 2881 1739 2917 tamen
1779 2875 1915 2928 magis
1957 2887 2086 2928 quam
2127 2872 2387 2915 institutioni
2418 2872 2473 2914 ab
2504 2877 2597 2914 arte
2629 2887 2727 2927 pro-

195 2948 336 2990 fectae
368 2949 444 2991 illa
474 2963 581 3004 pure
623 2954 667 2991 et
699 2950 930 2992 emendate
969 2950 1174 3004 loquendi
1206 2950 1392 2993 facultas
1424 2950 1667 2992 debebatur
1698 2950 1834 3005 (Brut.
1870 2954 1935 2991 74.
1970 2952 2084 3002 258).
2146 2947 2298 2991 Cicero
2329 2962 2430 2990 vero
2462 2947 2518 2990 ad
2549 2948 2727 2990 audien-

194 3026 304 3067 tium
334 3025 691 3067 consuetudinem
732 3026 973 3068 orationem
1015 3026 1346 3068 accommodans
1378 3041 1463 3068 non
1493 3025 1673 3068 indulsit
1704 3026 1803 3075 sibi,
1848 3025 1925 3067 sed
1957 3025 2168 3067 rationem
2210 3023 2428 3078 quandam
2460 3028 2504 3066 et
2534 3023 2653 3077 leges
2684 3024 2727 3065 in

194 3101 412 3142 locutione
444 3101 695 3142 observatas
728 3115 822 3157 esse
854 3102 989 3143 voluit
1018 3102 1198 3155 ipseque
1231 3102 1474 3143 observavit
1506 3101 1830 3143 studiosissime.
1862 3101 2014 3153 Itaque
2037 3100 2242 3154 populum
2273 3099 2340 3141 vel
2360 3099 2524 3141 iudices
2555 3104 2603 3140 ut
2625 3098 2727 3140 edo-

194 3181 331 3226 ceret,
364 3176 625 3226 delectaret,
658 3182 869 3227 moveret,
902 3177 1043 3220 verbis
1074 3177 1284 3219 utendum
1315 3177 1395 3220 fuit
1426 3177 1631 3231 propriis,
1664 3191 1755 3219 rem
1776 3176 1948 3231 proprie
1970 3175 2377 3219 demonstrantibus.
2410 3174 2474 3216 Ea
2505 3188 2604 3217 vero
2628 3179 2727 3217 sunt

195 3251 361 3307 origine
393 3256 483 3296 aut-
500 3251 656 3296 Latina
697 3257 773 3296 aut
811 3252 973 3305 aliena,
1012 3253 1263 3308 peregrina3
1306 3253 1469 3297 usitata
1513 3257 1589 3296 aut
1628 3252 1792 3296 abolita
1822 3253 1865 3295 in
1897 3265 2093 3295 sermone
2124 3249 2377 3306 quotidiano
2410 3263 2549 3306 neque
2580 3254 2726 3293 tamen

194 3328 403 3373 inusitata
433 3328 478 3372 in
510 3329 781 3373 contionibus
813 3328 998 3386 publicis
1031 3334 1075 3372 et
1107 3330 1246 3373 causis
1278 3329 1539 3380 forensibus,
1572 3329 1711 3384 qualis
1744 3334 1810 3372 est
1842 3343 1921 3372 vox
1957 3327 2212 3382 „Quirites‘st

335 3405 395 3449 Ut
427 3405 471 3449 C.
504 3406 570 3448 Fr.
602 3405 971 3461 Naegelsbachius
1002 3406 1049 3449 in
1078 3405 1188 3447 libro
1224 3405 1302 3458 „de
1335 3405 1434 3448 stilo
1466 3406 1601 3448 latino
1633 3406 1676 3446 iu
1708 3407 2019 3447 Germanorum
2050 3406 2198 3445 usum“
2234 3402 2319 3452 (ed.
2350 3402 2423 3444 111.
2455 3416 2494 3457 p.
2532 3405 2600 3456 15)
2634 3403 2726 3444 ani·

195 3482 450 3535 madvertit,
484 3481 635 3526 Cicero
666 3496 754 3525 non
783 3482 971 3525 omnimo
1008 3482 1219 3525 abstinuit
1260 3482 1434 3524 vocibus
1476 3495 1499 3523 e
1526 3481 1791 3524 Graecorum
1822 3480 1970 3534 lingua
2001 3484 2078 3521 aut
2099 3478 2271 3521 aliunde
2303 3478 2499 3534 repetitis
2532 3477 2609 3520 sed
2639 3478 2725 3519 usi-

194 3559 320 3610 tatis,
352 3558 467 3613 quod
499 3563 645 3600 tamen
684 3558 766 3600 nisi
798 3562 974 3600 coactus
1006 3571 1091 3600 non
1122 3556 1237 3599 fecit.
1300 3556 1408 3599 Sunt
1440 3557 1551 3598 enim
1593 3556 1807 3610 quaedam
1839 3554 2047 3597 vocabula
2079 3554 2241 3608 origine
2273 3553 2445 3609 quidem
2477 3552 2725 3608 peregrina,
