2911 4066
1333 149 1577 192 -9—

205 281 502 345 „suavissimis
530 281 725 336 vocibus3
763 284 840 326 aut
864 286 925 326 ‚ut
966 281 1105 326 forma
1145 282 1243 339 ipsa
1286 281 1637 336 concinnitasque
1679 281 1906 324 verborum
1937 281 2136 324 conficiat
2181 284 2330 327 orbem
2359 296 2503 335 suum3
2547 287 2628 325 aut
2658 288 2704 324 ut

203 378 224 412 ·„
240 359 564 416 comprehensio
594 370 822 401 numerose
852 361 908 400 etv
926 362 1032 414 apta
1062 358 1228 402 cadat.⁴‘

380 424 381 427 ¹
448 425 460 433 ⁶
477 433 584 476 Tres
611 433 743 489 igitur
771 433 1066 476 collocationis
1097 446 1254 476 causae
1283 433 1355 475 hic
1384 431 1638 476 afferuntur:
1669 433 1947 475 cohaerentia
1976 433 2165 475 omnium
2193 431 2388 487 partium'
2407 436 2522 477 inter
2541 449 2588 478 se
2611 448 2708 476 cum

201 510 414 553 suavitate
443 509 562 560 soni,
591 513 685 551 tum
714 513 819 563 apta
847 510 1056 551 orationis
1084 500 1344 560 terminatio,
1374 509 1560 562 denique
1580 523 1809 552 numerosa
1830 510 2059 552 conclusio.
2090 510 2177 551 Eas
2198 510 2446 552 observatas
2465 525 2560 553 esse
2590 511 2709 553 haud

202 584 377 628 difficile
408 589 476 626 est
505 584 712 639 exemplis
742 584 926 640 probare
961 585 1182 626 orationes
1212 586 1420 625 attentius
1449 585 1622 638 legenti.
1771 584 1785 594 “
2548 634 2554 639 η

482 659 602 711 Quae
632 673 732 702 vero
779 660 836 701 sit
865 659 976 701 bene
1007 664 1173 702 structa
1202 647 1455 711 collocatio,
1499 660 1654 715 quibus
1685 674 1712 702 a
1743 660 1949 717 Cicerone
1994 661 2088 715 ipso
2119 675 2188 702 res
2234 661 2475 715 explicatur
2504 663 2708 716 exemplis

200 734 461 778 illustratum
491 739 558 778 est
596 735 642 777 in
669 738 837 778 oratore
865 736 971 791 (70).
1015 734 1177 778 Locum
1221 743 1319 778 eu'm
1348 736 1555 787 maiorem
1594 736 1945 791 perscribendum
1986 750 2080 778 esse
2112 737 2371 788 existimavi,
2412 737 2528 791 quod
2559 751 2609 778 eo
2640 752 2708 778 res

202 812 361 867 optime
393 810 767 855 demonstrabitur.
827 812 972 855 Verba
1001 816 1101 854 sunt
1130 812 1257 854 haec:
1292 845 1310 864 „
1327 810 1543 863 Quantum
1580 816 1726 854 autem
1767 813 1823 853 sit
1864 816 1966 867 apte
1997 812 2162 863 dicere,
2205 812 2388 867 experiri
2418 812 2537 863 licet,
2570 813 2606 854 si
2637 819 2709 854 aut

205 887 456 942 „compositi
485 887 668 939 oratoris
698 887 798 930 benc
816 890 1022 930 structam
1050 886 1359 930 collocationem
1388 886 1594 929 dissolvas
1624 888 1941 941 permutatione
1971 887 2215 929 verborum:
2246 889 2566 943 (corrumpatur
2595 889 2707 929 enim

201 966 295 1006 tota
323 976 412 1015 res,
442 966 492 1005 ut
522 965 567 1005 et
595 961 705 1005 haec
734 965 883 1006 nostra
911 961 956 1005 in
987 960 1262 1014 Corneliana,
1304 964 1347 1005 et
1377 960 1579 1018 deinceps
1617 962 1771 1005 omnia.
1832 962 1979 1017 Neque
2015 975 2080 1005 me
2114 962 2287 1005 divitiae
2325 967 2508 1016 movent,
2551 964 2705 1019 quibus

202 1051 343 1081 omnes
373 1036 606 1090 Africanos
636 1040 675 1080 et
703 1036 874 1081 Laelios
903 1036 1026 1080 multi
1054 1036 1251 1093 vernalicii
1279 1040 1608 1092 mercatoresque
1636 1041 1905 1091 superarunt.
1936 1037 2123 1080 Immuta
2152 1038 2360 1093 paullum,
2398 1043 2447 1081 ut
2477 1040 2555 1091 sit,
2586 1038 2710 1081 multi

201 1116 462 1165 superarunt
490 1116 752 1164 mercatores,
783 1112 1079 1167 venaliciiqu65
1110 1112 1288 1168 perierit
1316 1117 1411 1156 tota
1440 1127 1508 1156 res
1512 1146 1744 1155 ........
1772 1112 1972 1164 Videsne,
2003 1116 2052 1155 ut
2082 1112 2232 1156 ordine
2262 1113 2488 1157 verborum
2518 1114 2709 1169 paullum

201 1190 475 1238 commutato,
520 1186 673 1229 iisdem
701 1187 861 1238 verbis,
907 1191 1048 1230 stante
1089 1188 1323 1239 sententia,
1370 1187 1427 1230 ad
1455 1187 1635 1229 nihilum
1666 1186 1808 1229 omnia
1837 1187 2055 1239 recidant,
2101 1201 2198 1230 cum
2229 1188 2313 1230 sint
2343 1202 2395 1230 ex
2425 1189 2539 1244 aptis
2570 1189 2710 1232 disso-

200 1260 362 1317 luta?);
394 1265 469 1305 aut
499 1262 536 1304 si
566 1261 745 1305 alicuius
785 1262 994 1305 inconditi
1037 1262 1219 1318 arripias
1259 1262 1514 1317 dissipatam
1551 1262 1739 1318 aliquam
1770 1262 2049 1314 sententiam,
2094 1276 2273 1318 eamque
2305 1263 2452 1306 ordine
2482 1263 2707 1306 verborum

200 1337 392 1391 paullum
422 1342 705 1388 commutato,
736 1338 780 1379 in
810 1338 1021 1391 quadrum
1050 1338 1242 1392 redigas,
1275 1338 1486 1381 efficiatur
1514 1342 1664 1391 aptum
1693 1338 1819 1389 illud,
1859 1338 1975 1392 quod
2004 1337 2134 1380 fuerit
2164 1342 2294 1381 antea
2335 1339 2532 1392 diffluens
2570 1345 2613 1382 et
2644 1355 2710 1383 so-

201 1412 349 1456 lutum.-
389 1413 481 1468 Age
523 1428 642 1457 sume
681 1413 735 1457 de
767 1412 951 1457 Gracchi
990 1413 1106 1470 apud
1145 1428 1343 1459 censores
1379 1413 1505 1467 illud,
1554 1413 1714 1458 Abesse
1751 1427 1836 1458 uon
1858 1415 2015 1468 potest,
2057 1412 2161 1468 quin
2197 1412 2388 1460 eiusdem
2435 1413 2616 1460 hominis
2655 1416 2712 1460 sit

194 1488 354 1542 probos
384 1488 639 1542 improbare,
672 1489 746 1543 qui
774 1488 977 1543 impribos
999 1489 1161 1544 probet.
1192 1489 1361 1542 Quanto
1392 1490 1555 1546 aptius,
1588 1490 1624 1533 si
1654 1490 1717 1533 ita
1748 1489 1945 1541 dixisset,
1977 1489 2081 1544 quin
2099 1489 2287 1534 eiusdem
2315 1489 2496 1535 hominis
2525 1492 2603 1543 sit,
2636 1494 2709 1547 qui

199 1563 414 1617 improbos
437 1564 608 1617 probet,
635 1563 795 1622 probos
827 1564 1078 1619 improbare.

479 1640 742 1682 Numerosae
783 1640 988 1684 orationis
1026 1639 1234 1683 artificem
1265 1656 1362 1684 eum
1391 1639 1521 1684 fuisse
1551 1639 1619 1684 vel
1648 1639 1748 1683 inde
1779 1654 2004 1695 possumus
2036 1639 2258 1694 colligere,
2305 1640 2420 1695 quod
2462 1657 2515 1686 ne
2555 1642 2709 1688 Demo-

200 1717 376 1759 sthenes
407 1716 581 1770 quidem
610 1716 693 1758 hac
722 1716 767 1758 in
797 1716 1051 1758 elocutionis
1081 1720 1205 1771 parte
1227 1716 1267 1758 ei
1288 1716 1394 1759 satis
1424 1715 1546 1767 fecit,
1577 1719 1626 1757 ut
1645 1715 1774 1757 docet
1794 1714 2047 1771 Bernhardy
2078 1716 2194 1770 spag.
2217 1717 2300 1757 677
2332 1731 2372 1758 n.
2394 1720 2479 1759 554
2510 1718 2573 1761 ed.
2605 1719 2708 1766 HD:

201 1792 316 1845 quod
347 1792 400 1831 de
431 1791 621 1831 Isocrate
652 1791 817 1831 numeri
849 1791 1026 1832 oratorii
1056 1795 1232 1831 auctore
1262 1791 1520 1844 peritissime
1551 1789 1768 1831 iudicavit.
1801 1790 1936 1842 (Brut.
1970 1792 2056 1843 33).

480 1866 708 1920 Reliquum
738 1870 827 1917 est,
857 1871 906 1907 ut
935 1879 1020 1920 quo
1052 1867 1362 1908 sententiarum
1392 1879 1549 1920 genere
1580 1870 1727 1907 orator
1756 1870 1904 1907 noster
1933 1867 1996 1907 uti
2017 1867 2305 1917 consueverit,
2338 1867 2500 1921 aliquid
2531 1869 2707 1912 dicatur.

480 1941 563 1982 Pro
602 1941 774 1995 dicendi
814 1954 988 1995 genere,
1030 1941 1085 1982 de
1115 1955 1200 1995 quo
1230 1956 1330 1982 mox
1366 1941 1620 1991 disseretur,
1661 1940 1865 1982 utebatur
1905 1940 2100 1982 omnibus
2131 1942 2441 1983 sententiarum
2472 1945 2708 1997 generibus.
2742 1938 2751 1945 “

200 2018 361 2060 Extant
392 2017 505 2058 enim
536 2017 732 2072 exempla
769 2017 1081 2058 sententiarum
1122 2017 1379 2072 simplicium
1409 2021 1454 2058 et
1484 2017 1837 2071 compositarum,
1878 2016 2071 2058 brevium
2102 2022 2177 2058 aut
2207 2017 2469 2071 longiorum3
2501 2021 2602 2060 item
2633 2035 2706 2073 pe-

198 2092 418 2135 riodorum
447 2092 703 2148 simplicium
733 2096 779 2133 at
810 2092 1143 2148 compositarum
1172 2092 1287 2134 bona
1316 2092 1384 2133 vel
1413 2092 1539 2148 plura
1567 2091 1760 2132 membra
1788 2092 2050 2132 habentium
2088 2092 2354 2133 Bimembres
2384 2094 2584 2146 periodos
2616 2096 2706 2148 ipse

198 2168 382 2210 maxime
412 2168 610 2223 probavit
653 2168 769 2222 quod
798 2169 842 2209 in
872 2172 1038 2209 oratore
1067 2169 1160 2223 (66)
1191 2167 1428 2223 profitetur.
1486 2167 1654 2208 Ibidem
1682 2167 1907 2221 periodum
1937 2181 1960 2207 e
1991 2171 2177 2220 quatuor
2205 2168 2408 2209 membris
2440 2174 2705 2210 constantem

199 2242 371 2297 plenam
401 2242 603 2297 appellat.
635 2241 771 2293 Quem
810 2243 933 2296 quasi
963 2242 1123 2283 iustum
1158 2242 1447 2283 membrorum
1475 2255 1699 2283 numerum
1729 2255 1859 2295 saepe
1889 2255 1975 2282 non
2006 2243 2212 2292 servavit,
2254 2243 2333 2282 sed
2364 2245 2707 2297 comprehensio-

199 2331 275 2358 nes
307 2318 374 2358 vel
404 2330 427 2357 e
458 2331 534 2358 sex
562 2317 764 2357 membris
795 2322 1042 2358 constantes
1073 2318 1323 2371 composuit.
1353 2317 1583 2357 Pulchrum
1613 2318 1821 2358 eiusmodi
1852 2317 2094 2370 exemplum
2131 2317 2175 2357 in
2204 2317 2329 2359 initio
2360 2318 2616 2360 Plancianae
2641 2323 2704 2370 (1)

199 2394 367 2446 legitur.
403 2392 568 2444 „Quum
597 2396 743 2433 autem
773 2393 966 2434 audirem
995 2406 1113 2434 meos
1143 2393 1301 2446 partim
1330 2393 1542 2442 inimicos,
1584 2392 1741 2446 partim
1770 2392 1936 2433 invidos
1966 2392 2067 2433 huic
2098 2393 2364 2434 accusationi
2396 2408 2489 2435 esse
2520 2393 2707 2436 fautores

204 2501 221 2519 „
239 2467 505 2520 eandemque
535 2480 627 2508 rem
657 2467 947 2509 adversariam
978 2480 1072 2508 esse
1102 2467 1147 2508 in
1176 2467 1334 2509 iudicio
1367 2466 1440 2509 Cn.
1470 2467 1667 2516 Plancio,
1709 2480 1820 2519 quae
1850 2467 1894 2507 in
1925 2467 2134 2520 petitione
2166 2466 2319 2509 fuisset
2348 2468 2556 2519 adiutrix,
2589 2469 2706 2510 dole-

203 2544 348 2596 „bam,
393 2543 577 2594 iudices,
625 2548 669 2585 et
699 2543 854 2586 acerbe
885 2542 1095 2594 ferebam,
1142 2542 1178 2586 si
1207 2542 1332 2585 huius
1363 2542 1479 2585 salus
1509 2541 1565 2584 ob
1596 2556 1692 2584 eam
1735 2541 1875 2595 ipsam
1907 2555 2081 2584 causam
2112 2545 2228 2585 esset
2257 2540 2478 2595 infestior,
2525 2543 2639 2598 quod
2670 2545 2704 2586 is

200 2652 219 2671 „
232 2633 374 2661 meam
404 2618 587 2660 salutem
617 2622 748 2672 atque
777 2618 911 2661 vitam
941 2632 1019 2660 sua
1048 2617 1367 2669 benevolentia,
1398 2616 1614 2672 praesidio
1646 2615 1927 2670 custodiaque
1957 2616 2178 2660 texisset“.

476 2692 532 2736 Et
561 2692 606 2735 in
637 2693 948 2736 sententiarum
979 2692 1260 2736 collocatione
1293 2692 1485 2743 easdem,
1516 2704 1624 2746 quas
1654 2691 2029 2746 incompositione
2060 2691 2287 2735 verborum
2317 2692 2437 2747 leges
2468 2693 2705 2737 observavit

196 2768 278 2819 ita,
323 2771 372 2810 ut
402 2780 549 2810 omnes
581 2767 973 2823 comprehensionis
1018 2771 1165 2823 partes
1196 2767 1308 2810 inter
1338 2780 1383 2809 se
1416 2766 1717 2817 cohaererent,
1762 2770 1812 2808 ut
1842 2766 1982 2808 oratic
2014 2770 2115 2822 apte
2145 2765 2364 2818 finiretur,
2411 2773 2626 2825 postremo
2659 2775 2703 2809 ut

197 2857 425 2886 numerose
456 2843 643 2885 caderet.

476 2918 745 2974 Quamquam
774 2923 875 2962 sunt
904 2919 1102 2974 quedam,
1132 2933 1244 2975 quae
1276 2933 1303 2961 a
1324 2919 1516 2973 legitima
1545 2917 1750 2972 loquendi
1779 2919 1948 2961 ratione
1980 2918 2213 2961 abhorrere
2233 2919 2444 2970 videntur,
2475 2919 2611 2973 qualis
2644 2928 2706 2961 est

198 2994 268 3038 hic
297 2994 417 3038 locus
448 2994 564 3050 (Ver.
594 2993 665 3039 IV.
697 2995 770 3050 38)
807 2994 895 3048 „De
926 2994 1008 3039 hoc
1037 2994 1162 3040 Verri
1193 2994 1360 3047 dicitur,
1391 2993 1551 3038 habere
1583 3007 1681 3037 eum
1725 2993 1920 3050 perbona
1963 2998 2232 3038 toreumata“
2282 2993 2421 3047 Quam
2468 2995 2706 3038 sententiae

196 3068 579 3113 conformationem
608 3068 803 3112 Halmius
833 3072 1047 3113 attenuato
1078 3068 1246 3113 dicmdi
1271 3083 1430 3124 qenere,
1462 3071 1711 3111 excusatam
1743 3082 1836 3111 esse
1867 3068 2012 3112 voluit.
2043 3068 2108 3112 De
2146 3068 2359 3113 industria
2399 3070 2530 3124 igitur
2568 3070 2706 3112 minus

196 3144 393 3200 diligenti
423 3145 733 3201 compositione
762 3158 865 3188 usus
896 3148 963 3188 est
991 3158 1308 3201 nonnunquam.
1338 3143 1450 3187 Item
1481 3142 1646 3186 consilii
1675 3158 1763 3187 non
1800 3143 2089 3199 negligentiae
2131 3156 2225 3186 esse
2265 3143 2374 3187 haec
2414 3144 2592 3186 videtur:
2632 3144 2707 3186 sed

197 3233 344 3263 earum
374 3218 584 3264 artificem
612 3219 766 3277 quem?
796 3219 1053 3277 quemnam?
1095 3220 1230 3273 Recte
1260 3220 1485 3264 admones:
1520 3218 1774 3275 Polyclitum
1804 3232 1898 3262 esse
1924 3219 2127 3262 dicebant
2156 3219 2290 3274 (Terr.
2310 3219 2381 3262 IV.
2404 3220 2460 3275 5).
2497 3219 2576 3261 Est
2598 3220 2708 3261 enim

192 3295 336 3348 fiyura
364 3295 659 3348 extemporalis
687 3296 860 3338 imitans
891 3309 1132 3338 sermonem
1161 3296 1470 3349 quotidianum.
1501 3295 1642 3337 Minus
1673 3295 1884 3349 elegantis
1915 3295 2123 3337 orationis
2153 3299 2301 3337 tamen
2322 3295 2377 3337 de
2399 3295 2609 3337 industria
2643 3296 2706 3336 ita

171 3374 473 3432 ,comparatae
503 3370 629 3426 plura
649 3371 823 3418 -notavit
852 3370 1051 3425 exempla
1088 3369 1286 3414 Halmius
1317 3370 1374 3413 ad
1403 3370 1523 3413 Verr.
1553 3369 1624 3413 IV.
1657 3373 1707 3411 51
1744 3369 1823 3412 sub
1857 3367 2245 3423 „Archayathum“.

473 3444 568 3488 Etsi
597 3449 775 3501 propter
803 3445 1034 3489 iucundam
1064 3449 1109 3488 et
1137 3445 1364 3489 verborum
1395 3449 1439 3489 et
1466 3445 1777 3488 sententiarum
1808 3444 2162 3500 compositionem
2190 3444 2432 3487 laudandus
2464 3448 2534 3486 est
2555 3442 2706 3487 Cicero

196 3525 241 3564 et
269 3520 357 3563 iam
387 3519 443 3564 ab
473 3520 661 3575 antiquis
705 3520 789 3565 hac
817 3520 863 3564 in
892 3524 1016 3576 parte
1051 3519 1305 3565 elocutionis
1351 3534 1538 3564 summus
1569 3519 1725 3563 artifex
1755 3523 1822 3563 est
1851 3519 2044 3572 habitus,
2089 3523 2237 3563 tamen
2266 3518 2460 3571 fuerunt,
2506 3519 2579 3574 qui
2611 3532 2708 3563 eam

192 3611 467 3640 numerorum
497 3596 862 3641 consectationem
890 3597 1082 3640 Romano
1105 3596 1194 3639 cive
1215 3596 1388 3639 minime
1410 3595 1583 3651 dignam
1611 3600 1814 3651 putarent
1845 3599 1889 3639 et
1910 3595 2081 3639 similia:
2112 3598 2161 3638 ut
2195 3609 2243 3647 „o
2269 3594 2535 3648 fortunatam
2555 3598 2703 3638 natam

2430 3685 2453 3725 2
