2911 4066
1485 147 1731 189 -8-

619 277 767 333 Longe
807 277 947 322 maior
967 283 1113 333 'quam
1153 281 1332 333 propter
1371 277 1589 321 delectum
1623 278 1851 322 verbomm
1887 277 1982 322 laus
2025 278 2067 322 ei·
2104 277 2288 322 debetur
2323 281 2504 335 propter
2545 280 2871 337 compositionis

336 356 487 396 artem.
518 352 709 406 Etenim,
752 354 870 409 quod
899 368 954 397 ex
984 353 1157 408 dialogo
1187 352 1241 395 de
1273 340 1518 396 oratoribus
1550 366 1584 395 c.
1618 355 1672 396 22
1703 356 1913 409 apparet,
1948 353 2112 409 primus
2153 354 2284 397 certis
2319 352 2488 409 legibus
2517 357 2566 398 et
2590 354 2727 400 verb·
2752 354 2872 399 inter

337 441 385 471 se
416 424 651 472 coniuncta
681 428 926 473 collocabat
956 433 1001 473 et
1021 428 1260 472 sententias
1290 427 1518 471 vinciebat.
1547 427 1660 484 Ipse,
1690 428 1796 484 quid
1816 428 1871 472 de
1893 428 2205 486 compositione
2228 428 2458 473 verborum
2488 428 2691 483 sentiret,
2721 433 2875 486 aperte

337 502 577 547 declaravit
606 503 692 548 his:
724 503 910 549 Tantum
940 504 1085 557 abest,
1127 508 1176 547 ut
1206 507 1436 547 enervetur
1471 503 1612 547 oratio
1643 504 1955 561 compositione
1984 504 2237 560 verborum,
2274 508 2325 550 ut
2353 504 2482 549 aliter
2522 504 2569 548 in
2599 517 2653 548 ea
2679 504 2745 548 vis
2775 517 2871 549 esse

336 591 424 622 non
454 579 641 635 possit“.
673 581 751 636 (or.
785 581 870 635 68).

623 655 815 698 Fuerunt
855 669 959 698 sane
1001 655 1076 698 alii
1107 659 1303 699 oratores
1334 656 1421 699 iam
1452 659 1552 699 ante
1586 655 1859 708 Ciceronem,
1900 657 1974 712 qui
2006 660 2051 700 et
2080 656 2214 701 verba
2242 670 2352 714 pura
2382 656 2593 711 eligerent
2623 659 2669 699 et
2698 658 2872 699 senten-

338 729 423 773 tias
455 744 606 785 graves
638 734 683 773 et
713 744 867 773 suaves
897 730 1159 786 reperirent,
1192 735 1238 775 at
1267 731 1312 775 in
1342 731 1395 774 iis
1425 731 1551 787 ipsiS,
1583 731 1699 787 quod
1730 732 1968 775 sententias
1999 735 2075 776 aut
2104 732 2315 776 vincirent
2344 734 2420 776 aut
2451 730 2675 787 explerent
2703 744 2869 787 pamm,

338 805 491 849 Cicero
529 806 821 861 reprehendit.
860 808 938 863 (or.
975 810 1087 862 168).
1123 807 1218 851 Alio
1249 807 1345 850 loco
1378 809 1456 863 (or.
1486 808 1598 862 170),
1630 808 1986 864 compositionem
2016 807 2061 851 in
2091 808 2280 863 antiquis
2311 806 2555 851 oratoribus
2583 820 2671 850 non
2702 806 2875 849 omnino

339 882 518 936 quidem
567 882 825 933 desiderari,
873 883 1093 933 concedit,
1138 884 1390 937 plerumque
1436 887 1583 926 tamen
1629 897 1776 927 casum
1821 898 1952 938 saepe
1982 887 2189 927 naturam
2234 897 2386 926 causas
2433 883 2525 925 eius
2553 882 2686 925 fuisse
2716 885 2875 925 monet.

336 958 482 1001 Verba
512 963 613 1001 sunt
642 959 770 1001 haec:
829 959 936 1010 „Hic
969 960 1082 1001 enim
1112 958 1346 1001 invidiosus
1377 974 1579 1002 numerus
1611 959 1718 1002 nihil
1756 959 1883 1003 affert
1912 960 2052 1011 aliud,
2098 960 2181 1002 nisi
2210 964 2260 1003 ut
2289 960 2346 1002 sit
2375 963 2476 1013 apte
2507 958 2648 1001 verbis
2680 973 2874 1013 compre-

339 1033 501 1083 „hensa
531 1035 768 1083 sententia,
822 1035 940 1088 quod
981 1035 1036 1077 sit
1068 1035 1199 1077 etiam
1231 1035 1286 1076 ab
1318 1035 1526 1089 antiquis,
1574 1035 1651 1077 sed
1689 1035 1940 1089 plerumque
1981 1049 2104 1085 casu,
2144 1049 2274 1089 saepe
2305 1038 2485 1084 natura,
2528 1038 2572 1086 et
2608 1048 2718 1088 quae
2749 1032 2874 1075 valde

341 1109 609 1161 „laudantur
639 1111 756 1164 apud
786 1110 901 1162 illos,
936 1126 988 1152 ea
1018 1111 1107 1152 fere
1139 1112 1242 1165 quia
1273 1116 1372 1152 sunt
1404 1112 1626 1156 conclusa,
1658 1111 1929 1152 laudantur“.
1963 1110 2028 1151 Ad
2069 1110 2391 1164 compositionis
2420 1110 2635 1151 rationem
2654 1109 2872 1151 illustran-

337 1185 455 1234 dam,
489 1199 600 1238 quae
623 1190 884 1238 sequuntur,
918 1185 1103 1227 dicenda
1125 1186 1230 1227 mihi
1257 1191 1357 1227 sunt
1377 1186 1478 1227 visa.

618 1259 679 1303 Ut
708 1260 753 1303 in
785 1260 958 1303 delectu
987 1260 1215 1304 verborum
1246 1265 1387 1303 certas
1418 1260 1536 1315 leges
1569 1260 1819 1303 observatas
1852 1275 1945 1302 esse
1976 1259 2181 1312 vidimus,
2220 1260 2284 1302 ita
2316 1259 2453 1302 etiam
2482 1259 2527 1301 in
2559 1258 2869 1315 compositione

337 1336 562 1377 consilium
608 1341 741 1391 atque
782 1338 895 1378 ratio
927 1350 1012 1377 non
1044 1336 1356 1377 desiderantur.
1418 1337 1560 1390 Atque
1594 1336 1745 1377 Cicero
1793 1337 2116 1391 perspicuitatis
2161 1336 2379 1377 studiosus
2425 1335 2690 1389 simplicibus
2721 1334 2865 1377 verbis

339 1428 470 1467 saepe
503 1414 707 1455 antetulit
740 1415 1000 1455 sententiam
1030 1414 1097 1455 vel
1128 1414 1388 1467 longiorem
1421 1414 1652 1455 dummodo
1682 1429 1775 1455 rem
1797 1414 2056 1467 exprimeret
2086 1413 2240 1466 aptius.
2271 1411 2422 1465 Neque
2442 1416 2589 1454 tamen
2611 1412 2667 1454 ab
2689 1412 2871 1454 aliorum

337 1490 594 1531 emendatae
627 1491 894 1543 loquentium
926 1490 1236 1531 consuetudine
1268 1491 1466 1539 recessit
1514 1490 1597 1530 nisi
1627 1491 1672 1531 in
1693 1489 2019 1544 participiorum
2049 1504 2141 1529 usu.
2173 1488 2367 1538 Etenim
2399 1503 2531 1541 quum
2561 1486 2635 1529 alii
2667 1487 2871 1540 aequales

337 1566 570 1619 scriptores
602 1566 669 1605 vel
700 1565 894 1619 pluribus
926 1566 1190 1620 participiis
1234 1565 1389 1619 quibus
1429 1566 1569 1606 oratio
1602 1567 1658 1606 sit
1689 1566 1893 1614 astricta,
1932 1565 1995 1605 uti
2026 1564 2198 1604 minime
2230 1563 2501 1612 dubitarent
2547 1567 2694 1604 orator
2722 1568 2872 1605 noster

336 1641 381 1680 in
413 1641 700 1690 orationibus,
732 1655 786 1681 ne
819 1641 945 1695 plura
976 1642 1208 1695 participia
1247 1641 1550 1690 commularet,
1594 1641 1832 1682 sententias
1872 1640 2062 1680 relativis
2092 1639 2161 1679 vel
2193 1639 2564 1679 coniunctionibus
2596 1639 2760 1680 vinctas
2791 1654 2868 1693 po-

336 1729 439 1756 nere
471 1715 635 1756 maluit.
668 1715 962 1770 Quamquam,
1004 1717 1135 1757 etiam
1165 1716 1291 1770 plura
1322 1716 1552 1770 participia
1572 1729 1888 1769 nonnunquam
1918 1715 2120 1763 inveniri,
2151 1715 2325 1754 minime
2356 1715 2505 1766 negari
2536 1718 2691 1767 potest.
2724 1714 2870 1755 Disse-

335 1789 422 1832 ruit
454 1789 507 1832 de
541 1789 873 1845 participiorum
906 1803 986 1832 usu
1018 1803 1251 1845 eorumque
1285 1790 1569 1833 collocatione
1601 1790 1717 1845 apud
1749 1788 2000 1832 Ciceronem
2031 1788 2075 1831 C.
2096 1788 2134 1831 J.
2167 1788 2327 1844 Grysar
2356 1788 2400 1830 in
2430 1788 2539 1830 libro
2571 1788 2624 1830 de
2656 1788 2755 1831 stilo
2788 1789 2869 1830 La-

335 1864 427 1906 tino
461 1864 515 1907 ed
546 1864 598 1907 H.
630 1879 670 1920 p.
705 1868 801 1916 285,
836 1869 936 1912 286,
971 1869 1053 1908 293
1088 1870 1132 1908 et
1162 1879 1254 1908 rem
1286 1865 1492 1921 exemplis
1525 1865 1692 1908 collatis
1724 1864 1933 1920 probavit.
1965 1863 2030 1905 Ex
2060 1863 2214 1919 quibus
2247 1864 2378 1906 etiam
2408 1863 2452 1905 in
2475 1863 2738 1906 collocandis
2771 1877 2869 1919 par-

336 1940 497 1995 ticipiis
529 1939 660 1983 aliam
708 1940 928 1984 Ciceronis
974 1954 1025 1983 ac
1055 1941 1359 1984 historicorum
1404 1941 1617 1984 rationem
1647 1940 1791 1991 fuisse,
1830 1943 2023 1995 apparet.
2084 1938 2195 1981 Nam
2225 1938 2325 1981 illae
2357 1940 2598 1982 sententiae
2630 1939 2861 1994 primariae

336 2015 534 2070 partibus
565 2016 718 2059 inserit
748 2017 1045 2072 participium,
1080 2030 1258 2072 perraro
1290 2021 1389 2072 post
1421 2030 1517 2059 eam
1547 2016 1743 2060 collocat.
1790 2015 2037 2058 Cuiusmodi
2069 2015 2267 2070 exempla
2297 2019 2416 2058 sunt:
2453 2015 2703 2068 „Sthenium
2734 2015 2867 2058 Ther—

340 2091 586 2144 „mitanum
616 2091 832 2147 hospitem
874 2105 1015 2144 suum,
1055 2091 1283 2144 absentem,
1327 2092 1371 2135 in
1401 2105 1498 2135 reos
1537 2091 1726 2135 retulit“.
1766 2091 1903 2148 (Verr.
1944 2090 1997 2133 II.
2029 2093 2115 2145 42).
2156 2091 2291 2134 Omne
2332 2090 2493 2134 malum
2532 2104 2710 2135 nascens
2740 2090 2867 2134 facile

339 2202 357 2218 „
376 2166 655 2221 opprimitur:
693 2167 970 2210 inveteratum
1009 2165 1058 2210 fit
1089 2166 1342 2222 plerumque
1374 2167 1629 2211 robustius.“
1675 2166 1799 2216 (Phil.
1831 2166 1879 2210 V.
1917 2169 1999 2215 11).
2047 2165 2190 2209 Etiam
2220 2166 2545 2222 participiorum
2575 2165 2707 2209 futuri
2739 2166 2869 2210 activi

336 2256 413 2298 pro
445 2241 673 2285 sententiis
721 2241 921 2285 finalibus
967 2241 1096 2285 haud·
1115 2241 1321 2297 frequens
1354 2246 1420 2286 est
1451 2256 1553 2285 usus
1585 2242 1702 2298 apud
1734 2241 1996 2285 Ciceronem.
2058 2241 2218 2284 Eorum
2248 2240 2344 2284 loco
2375 2254 2611 2297 pronomen
2640 2241 2868 2284 relativum

334 2330 434 2360 cum
465 2317 736 2360 coniunctivo
768 2317 887 2360 verbi
917 2317 1126 2361 usitatum
1157 2322 1234 2361 est.
1267 2317 1391 2370 Quod
1423 2318 1554 2373 quum
1578 2332 1605 2361 a
1627 2317 1813 2374 Grysaro
1836 2317 1889 2360 de
1922 2316 2118 2360 omnibus
2150 2316 2321 2372 scriptis
2354 2316 2571 2359 Ciceronis
2603 2316 2766 2359 dictum
2797 2317 2866 2364 sit,

336 2393 470 2434 etiam
500 2393 617 2435 valet
647 2393 701 2434 de
733 2393 1014 2435 orationibus.

621 2467 975 2522 Compositionem
1006 2468 1072 2510 vel
1104 2468 1295 2510 ordinem
1324 2468 1545 2510 verboram
1577 2468 1795 2523 duplicem
1827 2482 1920 2510 esse
1952 2467 2183 2522 simplicem
2215 2472 2258 2510 et
2279 2467 2500 2509 traiectum
2530 2481 2608 2523 pro
2640 2466 2867 2509 scribentis

336 2544 402 2585 vel
433 2544 649 2598 loquentis
683 2545 873 2594 consilio,
914 2546 1185 2598 grammatici
1217 2545 1386 2586 docent.
1441 2545 1673 2598 Utriusque
1707 2545 1905 2599 exempla
1935 2549 2035 2585 sunt
2065 2545 2109 2585 in
2140 2545 2407 2585 orationibus
2440 2544 2732 2585 Ciceronianis
2763 2557 2860 2597 per-

334 2619 482 2660 multa.
514 2619 625 2660 Sunt
656 2624 802 2660 autem
833 2620 1048 2673 quaedam
1079 2621 1232 2663 verba,
1275 2635 1458 2673 quorum
1502 2620 1696 2660 ordinem
1728 2620 1981 2660 commutari
2012 2634 2098 2660 non
2129 2620 2272 2669 licuit,
2304 2623 2353 2660 ut
2384 2619 2438 2660 ab
2470 2619 2623 2659 iisdem
2655 2633 2867 2671 gramma-

334 2695 432 2735 ticis
464 2694 681 2735 docemur.
714 2695 797 2743 Qui
829 2695 934 2735 ordo
965 2695 1193 2736 verborum
1224 2695 1495 2735 saeculorum
1535 2696 1796 2736 auctoritate
1835 2694 2052 2744 firmatus,
2096 2695 2131 2735 si
2163 2694 2218 2735 ab
2251 2698 2423 2735 oratore
2453 2694 2541 2734 ullo
2573 2699 2689 2735 esset
2718 2694 2867 2735 turba-

334 2774 421 2820 tus,
454 2768 547 2811 fieri
580 2770 739 2824 potuit,
782 2774 830 2811 ut
859 2768 980 2811 aliud
1021 2784 1150 2824 quam
1187 2769 1302 2824 quod
1344 2774 1491 2812 orator
1530 2769 1798 2812 intellectum
1840 2783 1934 2811 esse
1965 2768 2099 2810 voluit
2111 2792 2126 2813 .·
2162 2768 2382 2810 auditores
2426 2768 2511 2809 dici
2543 2772 2770 2823 putare11t3
2803 2768 2869 2809 sin

332 2845 491 2896 minue,
524 2849 671 2888 tamen
704 2849 922 2888 oratorem
954 2849 998 2888 et
1020 2844 1074 2888 ab
1107 2860 1187 2888 usu
1218 2846 1493 2889 recedentem
1524 2846 1829 2901 vituperarent.
1900 2845 1995 2888 Huc
2026 2845 2266 2900 pertinent,
2298 2857 2409 2899 quae
2440 2843 2672 2887 traduntur
2702 2844 2756 2887 de
2789 2857 2861 2887 vo-

334 2922 464 2963 cativi
495 2921 611 2971 loco,
651 2922 755 2964 item
785 2922 905 2963 verbi
936 2922 1134 2975 inquam,
1176 2922 1332 2964 deinde
1364 2922 1624 2972 locutiones,
1665 2921 1814 2975 quales
1846 2926 1946 2963 sunt
1977 2925 2093 2963 terra
2122 2921 2314 2973 marique
2354 2920 2585 2962 et·similia
2616 2935 2643 2962 a
2675 2919 2718 2962 C.
2752 2920 2860 2975 Gry-

331 3013 430 3038 saro
462 3000 505 3038 in
538 2998 603 3039 ed.
636 2998 687 3038 II.
720 3015 758 3051 p.
793 3002 875 3038 413
911 2998 1105 3038 collecta.
1137 2998 1358 3039 Eiusmodi
1390 2999 1585 3039 ordinem
1616 2998 1843 3038 verborum
1867 3013 1893 3038 a
1915 2997 2121 3059 Cicerone
2153 3011 2323 3049 quoque
2356 3001 2574 3037 servatum
2605 3011 2719 3045 esse,
2752 3012 2864 3049 quae

333 3074 377 3114 in
409 3074 677 3114 orationibus
708 3074 912 3127 leguntur
942 3074 1151 3127 exemplis
1183 3074 1394 3128 probatur
1425 3074 1737 3127 frequentibus.

618 3148 795 3190 Ordinis
824 3149 985 3191 inversi
1029 3148 1097 3190 vel
1126 3150 1297 3190 traiecti
1343 3149 1430 3190 alia
1461 3154 1527 3190 est
1572 3149 1683 3190 ratio
1714 3148 1758 3189 in
1806 3147 1958 3189 iisdem
1990 3147 2268 3190 orationibus.
2330 3147 2414 3189 Alii
2444 3161 2615 3200 quoque
2662 3152 2862 3190 auctores

334 3224 569 3267 utebantur
600 3239 650 3267 eo
683 3224 845 3274 ordine,
879 3224 999 3266 cuius
1032 3239 1185 3267 causas
1218 3239 1311 3267 esse
1343 3224 1602 3279 multiplices
1636 3229 1679 3266 et
1710 3223 1875 3277 antiqui
1918 3227 1961 3265 et
1991 3223 2281 3265 recentiorum
2311 3221 2504 3277 plerique
2537 3221 2718 3273 docent,
2750 3221 2864 3265 Nae-

333 3300 608 3355 gelsbachius
656 3305 800 3341 autem
833 3300 940 3341 duas
986 3313 1080 3341 esse
1112 3300 1285 3350 statuit,
1333 3300 1568 3342 chiasmam
1615 3303 1659 3340 et
1690 3298 1957 3351 anaphoram
1989 3297 2073 3352 (ed.
2091 3297 2163 3338 III.
2196 3312 2235 3351 p.
2269 3300 2384 3351 477),
2432 3311 2613 3350 quorum
2661 3298 2870 3350 originem

334 3376 508 3419 uberius
542 3375 748 3430 explicuit
779 3377 838 3430 (p.
872 3378 1126 3416 458—460
1157 3376 1194 3430 ς’.
1232 3378 1343 3429 166).

616 3450 834 3501 Quantum
865 3450 1087 3492 Ciceronis
1117 3450 1384 3499 interfuerit,
1432 3455 1481 3492 ut
1512 3451 1651 3492 oratio
1684 3464 1769 3491 non
1800 3450 1939 3491 solum
1971 3452 2087 3490 esset
2117 3448 2348 3502 perspicua
2378 3448 2455 3489 sed
2487 3448 2637 3498 etiam,
2668 3451 2717 3488 ut
2747 3446 2869 3488 audi-

332 3532 476 3569 torum
506 3541 634 3568 aures
666 3527 974 3581 permulceret,
1015 3539 1068 3567 ex
1099 3526 1196 3578 his,
1232 3540 1342 3580 quae
1375 3526 1418 3566 in
1451 3530 1617 3567 oratore
1647 3528 1770 3578 (149)
1802 3527 2009 3579 legimus,
2050 3538 2310 3578 cognoscere
2342 3524 2455 3565 licet.
2507 3523 2871 3575 „Collocabuntur

337 3604 501 3658 „igitur
530 3603 682 3653 verba,
725 3607 773 3644 ut
814 3607 890 3644 aut
920 3603 1034 3644 inter
1071 3616 1116 3644 se
1148 3616 1279 3656 quam
1320 3602 1542 3657 aptissime
1583 3602 1846 3643 cohaereant
1893 3606 2085 3642 extrema
2132 3614 2228 3641 cum
2273 3601 2421 3654 primis
2454 3613 2590 3653 eaque
2622 3599 2708 3639 sint
2739 3611 2867 3651 quam
