2911 4066
1303 116 1576 182 „115-

185 273 336 319 lentus.
358 273 405 318 in
431 272 673 330 principiis,
703 271 856 326 longus
885 271 931 314 in
959 270 1491 323 narrationibus,-otiosus
1521 272 1636 312 circa
1666 285 1884 323 excessus3
1923 270 2038 324 quod
2069 271 2190 313 tarde
2220 274 2562 321 commoveatur,
2593 283 2692 312 raro

182 348 439 403 incalescat3
469 361 618 393 eorum
646 350 907 410 temporum,
937 346 1091 402 quibus
1120 346 1228 392 vixit
1255 350 1407 391 auctor
1436 345 1617 402 dialogi,
1648 345 1890 390 hominibus
1911 346 2051 390 doctis
2071 346 2352 406 vituperanda
2372 346 2509 390 videri
2536 350 2692 402 potue·

182 429 304 478 runt,
333 428 381 468 at
411 423 563 468 Cicero
591 436 698 474 non,
728 426 777 465 ut
806 421 1051 477 legerentur
1079 421 1180 475 sed,
1217 425 1267 466 ut
1296 420 1549 465 audirentur
1583 422 1801 465 orationes
1833 420 2121 476 componebat
2151 434 2309 475 easque
2350 437 2377 465 a
2401 420 2561 477 populo
2591 435 2692 476 pro-

182 499 276 543 bari
306 513 393 542 non
421 498 477 542 ab
509 497 687 541 eruditis
716 496 959 540 hominibus
990 497 1091 541 solis
1120 496 1290 541 laudari
1320 496 1533 552 cupiebat.
1587 496 1779 548 Etenim,
1810 510 1922 551 quae
1953 497 2116 551 scripta
2144 496 2343 539 videntur
2371 497 2509 541 minus
2538 495 2692 541 lauda·

183 575 309 628 bilia,
339 574 492 617 eadem
521 587 652 630 saepe
683 586 843 615 canora
881 586 985 615 voce
1029 585 1126 615 cum
1155 576 1259 629 apto
1299 576 1425 628 gestu
1452 571 1735 628 pronunciata
1766 571 2010 615 auditorum
2050 572 2215 615 animos
2245 576 2418 615 movent
2447 577 2576 628 atque
2607 571 2693 615 huc

183 656 229 694 et
256 650 359 693 illuc
387 649 579 693 flectunt.
610 649 735 701 Quod
765 649 951 704 experiri
979 648 1082 691 licet
1110 648 1239 691 hodie
1271 662 1441 702 quoque
1471 649 1515 691 in
1545 661 1697 696 scena,
1738 648 1811 690 ubi
1844 648 1910 690 vel
1941 647 2146 690 mediocri
2176 662 2272 690 cum
2300 652 2393 690 arte
2425 648 2692 702 compositae

183 724 355 769 fabulae
386 724 740 787 pronunciatione
772 729 816 767 et
846 728 971 779 gestu
1000 723 1257 767 histrionum
1286 723 1553 767 auditoribus
1586 724 1951 767 commendantur.

465 801 629 852 Quodsi
657 802 864 842 memoria
893 800 1325 856 comprehendemus,
1365 814 1475 854 quae
1514 801 1634 842 dicta
1664 806 1764 842 sunt
1805 801 1858 842 de
1891 801 2152 843 elocutione,
2197 801 2444 841 Ciceronem
2483 814 2510 841 a
2541 799 2692 841 Latine

184 877 388 931 loquendi
418 876 726 918 consuetudine
768 889 855 917 non
883 875 1113 916 recessisse
1143 875 1334 929 quidem,
1380 875 1458 916 sed
1486 881 1632 917 tamen
1678 881 1871 917 oratores
1918 875 2000 916 sibi
2031 874 2233 929 aequales
2264 875 2434 916 minime
2482 875 2694 916 imitatum

188 965 282 994 esse
313 953 398 993 imo
430 952 698 1005 superavisse
711 982 721 1001 ,
753 951 845 992 sine
877 950 1148 992 dubitatione
1180 950 1464 991 concedemus
1495 951 1690 992 libenter.

464 1024 629 1067 Primus
659 1025 791 1078 igitur
821 1023 877 1066 ad
908 1040 1060 1066 causas
1094 1024 1284 1078 agendas
1316 1025 1567 1077 exquisitius
1600 1026 1805 1066 orationis
1838 1041 1972 1077 genus
2004 1025 2160 1065 attulit.

463 1100 670 1153 Reliquae
701 1103 801 1141 sunt
831 1099 943 1141 duae
973 1104 1119 1153 partes
1152 1099 1442 1152 eloquentiae:
1474 1100 1675 1142 memoria
1705 1105 1748 1141 et
1774 1100 2086 1151 pronwwc'atio.

463 1176 527 1217 De
558 1176 735 1229 quibus,
767 1175 869 1228 quia
898 1175 1145 1216 testimonia
1175 1179 1367 1215 veterum
1399 1180 1546 1216 extant
1567 1189 1805 1230 perpauca.
1838 1176 1973 1216 multa
2004 1176 2088 1216 dici
2100 1183 2336 1231 nequeunt.
2376 1177 2522 1217 Fuisse
2545 1181 2691 1217 tamen

187 1252 429 1293 memoriam
471 1252 516 1293 in
546 1256 717 1293 oratore
748 1256 895 1293 nostro
942 1255 985 1292 et
1015 1255 1172 1292 natura
1202 1250 1385 1301 firmam,
1432 1265 1571 1305 neque
1616 1256 1762 1292 tamen
1808 1257 1995 1301 tantam,
2043 1256 2250 1304 quantam
2280 1253 2323 1292 in
2353 1252 2603 1298 Hortensio,
2651 1256 2694 1292 et

189 1327 497 1367 exercitatione
529 1331 720 1373 auctam,
750 1326 850 1366 inde
882 1340 1106 1378 possumus
1131 1325 1354 1377 colligere,
1386 1327 1502 1377 quod
1521 1327 1684 1367 Romae
1715 1327 1844 1366 moris
1877 1333 1991 1373 erat,
2024 1332 2070 1366 ut
2091 1332 2258 1367 orator.
2292 1328 2458 1366 etiamsi
2481 1327 2596 1366 domi
2628 1341 2694 1365 se-

188 1416 283 1443 cum
324 1406 634 1443 commentatus
681 1406 791 1450 erat,
837 1401 904 1441 vel
948 1401 1039 1442 sine
1085 1401 1172 1442 ullo
1204 1401 1363 1454 scripto
1408 1401 1475 1442 vel
1505 1415 1602 1442 cum
1647 1401 1765 1442 brevi
1798 1403 2104 1443 commentario
2152 1403 2196 1442 in
2228 1402 2445 1455 publicum
2490 1402 2695 1455 prodiret,

143 1530 147 1535 ³
188 1476 270 1516 nisi
300 1475 451 1516 fuisset
479 1476 707 1525 usitatum,
755 1474 946 1526 Curioni,
992 1476 1066 1529 qui
1108 1476 1152 1515 in
1184 1488 1315 1515 causa
1361 1475 1449 1516 Ser.
1480 1475 1630 1517 Naevii
1677 1475 1873 1529 Ciceroni
1903 1477 2147 1531 respondit,
2193 1477 2389 1517 accidere
2421 1490 2503 1517 non
2535 1477 2696 1531 potuit,

188 1556 236 1590 ut
265 1556 404 1591 totam
434 1564 609 1590 causam
638 1550 982 1600 oblivisceretur,
1014 1550 1129 1604 quod
1159 1551 1349 1591 narravit
1381 1550 1529 1592 Cicero
1560 1551 1605 1591 in
1634 1551 1768 1592 Bruto
1802 1541 1935 1606 (217).
1966 1552 2145 1594 Praeter
2174 1552 2293 1594 illum
2325 1565 2484 1592 morem
2514 1552 2558 1592 in
2588 1551 2696 1592 iudi·

189 1625 266 1666 ciis
298 1631 392 1666 erat
420 1626 649 1676 usitatum,
686 1629 735 1666 ut
766 1630 992 1666 accusator
1030 1625 1193 1666 diceret
1223 1630 1324 1666 ante
1356 1630 1595 1680 patronum.
1657 1625 1806 1668 Cicero
1838 1633 1984 1668 autem
2016 1627 2142 1681 longe
2173 1628 2317 1682 plures
2349 1627 2539 1668 defendit
2570 1640 2698 1681 quam

188 1700 416 1750 accusavit,
448 1699 572 1751 Quod
604 1715 700 1741 cum
729 1699 872 1755 aliquo
904 1714 1127 1751 successu,
1168 1700 1250 1741 nisi
1281 1701 1543 1742 accusatoris
1577 1702 1754 1743 crimina
1784 1704 1990 1744 memoria
2022 1708 2137 1745 esset
2168 1703 2410 1758 amplexus,
2441 1703 2581 1744 facere
2614 1717 2697 1744 non

188 1777 340 1832 potuit.
370 1776 499 1828 Nam,
530 1777 603 1831 qui
633 1777 774 1831 potuit
804 1776 988 1827 diluere,
1019 1789 1130 1830 quae
1161 1776 1248 1816 iam
1278 1776 1436 1816 oblitus
1471 1778 1593 1817 erat?
1623 1778 1717 1818 Huc
1749 1778 1979 1829 accedunt,
2012 1792 2122 1833 quae
2154 1779 2271 1833 apud
2303 1791 2401 1819 eum
2430 1779 2567 1832 ipsum
2599 1778 2697 1832 (div.

186 1851 231 1892 in
263 1850 435 1907 Caecil)
466 1850 658 1906 legimus.
689 1850 876 1903 Etenim,
908 1865 1019 1906 quae
1050 1850 1279 1893 facultates
1311 1866 1362 1893 ac
1383 1857 1551 1894 tantam
1582 1859 1746 1908 quanta
1776 1860 1870 1895 erat
1903 1854 2167 1906 Siculorum,
2200 1867 2377 1896 eausam
2407 1854 2697 1897 sustinendam

188 1927 457 1968 necessariae
490 1930 654 1978 essent,
701 1940 774 1968 eas
805 1926 849 1968 in
881 1925 1068 1969 Caecilio
1108 1939 1202 1969 esse
1233 1931 1384 1981 negat,
1425 1941 1469 1969 se
1501 1941 1612 1979 vero,
1645 1933 1692 1970 ut
1723 1928 1768 1970 in
1800 1943 1845 1971 se
1878 1933 2041 1980 essent,
2086 1943 2242 1984 magno
2285 1928 2427 1972 studio
2460 1944 2486 1971 a
2516 1929 2698 1984 pueritia

191 2001 477 2043 elaboravisse
508 2001 727 2056 gloriatur.
764 2002 814 2043 In
844 2002 910 2044 his
940 2001 1218 2044 facultatibus
1249 2003 1494 2044 memoriam
1524 2009 1830 2045 commemorat
1861 2003 1947 2045 his:
1998 2004 2210 2056 „Putasne
2242 2010 2285 2046 te
2319 2018 2443 2059 posse
2466 2037 2603 2045 .....
2636 2009 2700 2045 tot

189 2089 280 2127 res,
309 2081 401 2119 tam
430 2090 598 2131 graves;
629 2080 719 2119 tam
749 2077 888 2119 varias
920 2090 1042 2128 voce,
1074 2078 1300 2128 memoria,
1336 2077 1512 2120 consilio
1534 2078 1705 2131 ingenio
1738 2078 1946 2119 sustinere
1961 2082 1980 2119 2²
1999 2090 2014 2098 “
2052 2081 2137 2128 (37,
2171 2082 2256 2131 40).
2288 2077 2539 2121 Memoriam
2568 2078 2698 2131 igitur

190 2150 384 2194 Ciceroni
415 2165 501 2194 non
531 2151 717 2198 defuisse
749 2151 834 2194 iam
865 2152 1206 2195 demonstratum
1237 2166 1330 2194 esse
1362 2156 1478 2207 puto.

467 2227 603 2269 Venio
634 2241 745 2269 nunc
777 2227 832 2269 ad
863 2228 1279 2282 pronunciationem,
1311 2243 1422 2281 quae
1454 2228 1582 2270 fuerit
1612 2229 1655 2269 in
1687 2234 1855 2269 oratore
1890 2235 2047 2277 nostro,
2080 2228 2389 2270 illustrandam.
2422 2228 2538 2279 Quae
2570 2244 2697 2283 quum

189 2302 354 2346 duabus
387 2318 440 2346 ex
467 2303 595 2347 rebus
628 2308 814 2355 constet,
846 2318 940 2347 voce
971 2309 1014 2347 et
1044 2308 1176 2355 motu,
1208 2305 1345 2360 primo
1378 2304 1432 2346 de
1464 2318 1569 2355 voce,
1602 2309 1691 2346 tum
1724 2304 1777 2346 de
1810 2309 1923 2346 motu
1955 2310 2021 2346 est
2053 2304 2387 2347 disserendum.-

470 2379 632 2423 Vocem
662 2379 775 2431 eius,
808 2384 1039 2435 antequam
1069 2379 1206 2423 Roma
1235 2378 1451 2435 profectus
1489 2380 1681 2423 Athenas
1713 2395 1758 2423 se
1791 2381 2006 2424 conferret
2042 2381 2142 2424 inde
2174 2381 2371 2424 Rhodum
2403 2382 2458 2424 ad
2488 2382 2699 2424 Molonem

191 2454 487 2504 contenderet,
532 2459 688 2496 natura
717 2455 890 2508 quidem
935 2454 1102 2496 firmam
1141 2455 1218 2496 sed
1249 2456 1339 2497 sine
1387 2455 1721 2498 conformatione
1769 2457 1957 2510 quadam
2005 2457 2136 2499 fuisse
2168 2457 2422 2499 Plutarchus
2468 2462 2613 2499 narrat
2645 2466 2696 2504 (v.

193 2529 276 2572 Cic.
310 2531 372 2585 3):
410 2533 433 2582 ἡ
466 2532 507 2571 δὲ
537 2532 635 2585 φωνὴ
667 2532 788 2582 πολλὴ
822 2532 889 2582 μὲν
918 2531 981 2572 καὶ
1024 2533 1168 2585 ἀγαθή,
1200 2533 1348 2586 mel-052&
1379 2533 1419 2573 δὲ
1448 2534 1510 2573 κᾶν.
1541 2535 1729 2582 ἄπλαστος
1748 2566 1982 2580 ........
1994 2535 2074 2592 =cisi
2105 2535 2164 2574 διὰ
2194 2540 2264 2574 τῶν
2296 2536 2370 2573 ἅνω
2401 2537 2513 2574 τόνων
2546 2535 2700 2574 &2:272-

190 2608 281 2657 μένη
313 2607 422 2660 φόβον
452 2609 626 2660 παρεῖχεν
658 2608 744 2661 ὑπὲρ
775 2610 837 2647 τοῦ
869 2610 1047 2658 σώματος.
1080 2606 1204 2657 Quod
1235 2607 1365 2649 etiam
1394 2607 1438 2648 in
1468 2607 1600 2650 Bruto
1632 2612 1834 2649 narratur
1865 2611 1998 2661 (313¹).
2063 2608 2126 2649 Ex
2156 2608 2277 2657 Asia,
2310 2622 2440 2661 quum
2470 2609 2578 2649 vires
2611 2622 2701 2647 cor-

190 2680 284 2734 pori
314 2681 599 2723 accessissent
628 2685 672 2723 et
703 2681 816 2723 iocis
849 2682 1066 2723 contentio
1098 2682 1352 2731 resedisset,
1383 2682 1554 2724 biennio
1586 2687 1684 2735 post
1714 2682 1894 2723 Romam
1926 2684 2111 2723 revertit.
2144 2682 2248 2723 Tum
2280 2683 2365 2723 iam
2398 2683 2599 2723 utebatur
2631 2696 2699 2722 vo-

191 2769 239 2796 ce
270 2757 333 2797 ita
363 2756 646 2806 conformata,
679 2770 788 2809 quae
816 2757 973 2797 idonea
1003 2762 1118 2798 esset
1149 2758 1206 2798 ad
1237 2772 1388 2799 causas
1421 2758 1486 2798 vel
1517 2758 1725 2799 maximas
1758 2758 2030 2799 sustinendas
2064 2759 2162 2804 (div.
2194 2758 2237 2798 in
2270 2758 2425 2798 Caecil.
2467 2761 2551 2806 40).
2594 2757 2699 2798 Ora-

191 2831 296 2881 tori,
342 2831 444 2885 quia
492 2831 799 2874 elaborandum
831 2837 916 2882 est,
963 2837 1011 2874 ut
1041 2832 1168 2874 variis
1199 2833 1337 2875 modis
1369 2834 1530 2875 animos
1578 2832 1842 2875 audientium
1886 2833 2066 2876 afficiat.
2114 2848 2189 2886 pro
2223 2847 2274 2873 ea
2307 2833 2513 2874 varietate
2560 2835 2699 2873 varius

191 2906 305 2951 vocis
337 2920 465 2949 sonus
497 2910 564 2950 est
594 2906 874 2950 adhibendus.
907 2906 1030 2960 Quod
1061 2922 1087 2950 a
1119 2906 1324 2951 Cicerone
1357 2922 1524 2963 quoque
1555 2906 1801 2952 factitatum
1833 2923 1947 2952 esse.
1980 2912 2026 2951 ut
2062 2912 2282 2962 putemus.
2316 2907 2382 2951 vel
2416 2923 2466 2951 eo
2499 2908 2698 2961 cogimur.

191 2982 307 3038 quod
337 2997 383 3026 se
407 2996 517 3037 prae
547 2982 734 3027 lacrimis
763 2983 851 3026 iam
882 2983 995 3037 loqui
1025 2997 1109 3027 non
1131 2997 1284 3037 posse,
1315 2983 1359 3026 in
1380 2974 1662 3027 ¹conclusione
1694 2985 1899 3027 orationis
1932 2998 2007 3039 pro
2040 2983 2212 3026 Plancio
2245 2983 2354 3026 dixit
2386 2987 2500 3038 (104.
2543 2983 2698 3035 Quam-

192 3074 321 3114 quam
360 3059 469 3102 haec
499 3074 584 3102 non
614 3060 676 3103 ita
707 3064 805 3102 sunt
836 3059 1135 3114 intelligenda,
1175 3064 1222 3103 ut
1264 3075 1361 3103 eum
1401 3059 1567 3103 flevisse
1608 3065 1823 3115 putemus.
1864 3066 2008 3102 tamen
2049 3059 2162 3102 haud
2209 3060 2503 3102 aberrabimus
2535 3075 2561 3102 a
2591 3075 2702 3106 vero,

193 3148 290 3177 eum
319 3133 452 3179 flebili
482 3150 585 3179 voce
616 3135 660 3178 in
691 3135 1031 3179 conclusionibus
1062 3135 1125 3178 uti
1157 3136 1438 3187 consuevisse,
1471 3136 1742 3179 arbitrantes.
1774 3135 1877 3178 Inde
1910 3150 2077 3189 quoque
2110 3135 2415 3177 miserabilium
2449 3135 2702 3189 epiloyorum

191 3210 426 3265 appellatio
457 3215 552 3253 orta
596 3210 774 3254 videtur.
835 3211 929 3254 Huc
961 3210 1151 3262 accedit,
1197 3211 1313 3266 quod
1360 3211 1508 3254 Cicero
1540 3210 1595 3254 ab
1627 3215 1797 3253 oratore
1844 3225 1988 3252 vocem
2021 3210 2075 3252 ad
2106 3211 2246 3252 varios
2298 3211 2534 3253 animorum
2566 3217 2704 3253 motus

191 3286 454 3341 applicatam
500 3300 592 3329 esse
624 3287 767 3330 voluit.
814 3288 891 3342 (or.
925 3290 1009 3341 55.)
1063 3286 1238 3341 „Itaque
1285 3287 1356 3329 ille
1389 3287 1626 3342 perfectus,
1673 3300 1801 3341 quem
1846 3287 1930 3328 iam
1962 3285 2121 3328 dudum
2168 3290 2317 3328 nostra
2348 3286 2511 3328 indicat
2557 3286 2706 3332 oratio,

191 3365 408 3415 utcunque
439 3375 484 3404 se
517 3361 718 3404 affectum
748 3362 882 3403 videri
913 3366 957 3403 et
988 3362 1175 3403 animum
1206 3362 1420 3404 audientis
1452 3362 1611 3404 moveri
1642 3362 1777 3407 volet,
1810 3362 1870 3402 ita
1893 3366 2057 3402 certum
2087 3361 2202 3402 vocis
2237 3361 2482 3403 admovebit
2513 3365 2703 3403 sonu1n“.

192 3435 288 3479 Alio
320 3436 512 3480 eiusdem
541 3437 639 3480 libri
669 3438 764 3480 loco
797 3439 918 3492 (132)
951 3438 1024 3480 ubi
1045 3452 1184 3480 sermo
1217 3443 1283 3480 est
1314 3439 1367 3480 de
1391 3439 1612 3493 pathetice
1648 3451 1803 3491 genere
1837 3437 2007 3478 dicendi
2028 3437 2229 3490 leguntur
2260 3437 2387 3478 haec:
2424 3437 2574 3488 „Nullo
2598 3438 2710 3479 enim

200 3547 217 3564 „
235 3513 362 3555 modo
394 3513 559 3555 animus
591 3514 806 3556 audientis
848 3517 924 3556 aut
953 3513 1128 3555 incitari·
1153 3517 1228 3557 aut
1258 3513 1382 3556 leniri
1418 3519 1583 3575 potest,
1625 3514 1696 3568 qui
1729 3512 1878 3554 modus
1911 3526 1935 3554 a
1967 3526 2033 3554 me
2067 3527 2150 3554 non
2183 3517 2373 3555 tentatus
2407 3513 2472 3555 sit.
2514 3511 2623 3564 Quid
2657 3529 2707 3555 ex

203 3621 220 3640 „
239 3590 299 3630 eis
332 3589 518 3640 eluceat,
552 3591 646 3644 quis
677 3603 763 3632 non
792 3590 939 3632 videt?
