2911 4066
1327 173 1574 217 *5.-

192 307 307 352 inde·
323 322 456 364 quum
484 308 703 352 subtilitas
732 312 825 351 tum
855 307 981 363 copia
1009 307 1055 350 in
1085 305 1479 350 confirmationibus
1510 311 1555 349 et
1583 305 1926 349 refutationibus
1957 304 2040 349 Pro
2072 307 2274 363 exemplis
2305 307 2431 351 testis
2463 311 2556 350 esto
2587 306 2706 350 locus

191 384 268 439 qui
295 383 455 439 legitur
481 382 600 439 apud
631 381 716 427 Clo.
748 384 827 438 (or.
863 383 974 438 102).
1009 416 1027 435 ,,
1043 382 1154 426 Tota
1182 381 1289 425 mihi
1319 382 1451 424 causa
1481 396 1558 437 pro
1591 380 1781 424 Caecina
1810 381 1864 423 de
1895 380 2034 423 verbis
2065 381 2282 424 interdicti
2311 383 2411 426 fuit:
2441 397 2511 426 res
2541 381 2707 425 involu-

191 462 261 501 tas
290 458 534 502 definiendo
572 458 895 514 explicavimus,
940 457 1073 500 verba
1101 458 1305 511 ambigua
1336 457 1618 499 distinximus.
1659 456 1772 516 ⁵Fuit
1802 455 2019 498 ornandus
2050 456 2094 497 in
2127 456 2305 499 Manilia
2333 458 2427 512 lege
2459 458 2707 513 Pompeius:

197 538 466 589 „temperata
497 533 693 576 oratione
723 532 906 575 ornandi
936 533 1105 587 copiam
1134 531 1353 587 persecuti
1383 545 1540 575 sumus.
1579 530 1659 574 Jus
1691 546 1814 574 omne
1846 531 2098 573 retinendae
2129 531 2368 574 maiestatis
2398 533 2544 576 Rabiri
2575 547 2708 576 causa

197 608 543 662 „continebatur2
583 621 685 661 ergo
725 607 771 650 in
801 607 917 651 omni
956 620 1112 661 genere
1142 604 1488 661 amplificationis
1519 605 1791 649 exarsimus.“
1827 605 1948 648 Idem
1977 604 2071 648 fons
2105 611 2171 648 est
2202 621 2255 648 ex
2285 621 2371 661 quo
2395 614 2621 651 manarunt
2642 608 2720 660 illi,

193 683 452 727 miserabiles
483 683 640 738 epilogi
670 683 725 726 ab
757 682 990 730 Laterense
1021 681 1239 737 appellati.
1271 680 1375 736 (Cic.
1397 696 1474 736 pro
1496 681 1639 725 Plane.
1663 684 1748 735 83.)
1781 681 1924 724 Etiam
1955 680 2061 724 illud
2091 682 2135 724 in
2156 686 2321 725 oratore
2357 685 2479 736 (128)
2509 686 2706 734 παθητικόν

193 759 373 812 dictum,
404 774 489 815 quo
530 758 838 815 perturbantur
867 759 998 801 animi
1020 762 1064 801 et
1084 758 1376 808 concitantur,
1415 771 1499 812 quo
1530 771 1576 800 se
1609 757 1902 800 adversarium
1923 771 2053 812 saepe
2084 757 2178 800 loco
2209 758 2390 801 movisse
2420 758 2580 801 ibidem
2610 774 2706 813 pro-

193 833 361 888 fitetur,
390 835 471 878 etsi
500 834 638 890 magis
669 834 851 877 oratoris
882 838 1064 877 naturae
1097 837 1141 876 et
1160 832 1295 876 indoli
1327 836 1394 875 est
1423 831 1717 883 tribuendum,
1760 837 1907 875 tamen
1936 846 2094 887 magna
2135 847 2187 875 ex
2217 838 2340 888 parte
2381 834 2420 876 ei
2452 833 2704 889 disciplinae

194 909 394 965 debetur3
431 909 548 966 quod
587 908 703 955 idem
731 908 848 955 valet
877 908 931 954 de
962 898 1151 962 facetiis,
1198 923 1379 964 quarum
1408 907 1569 954 multae
1601 923 1705 953 sane
1737 912 1835 953 sunt
1865 907 2048 964 frigidae
2078 922 2217 965 neque
2248 914 2392 954 tamen
2425 925 2584 955 omnes.
2624 909 2706 955 Ea-

194 985 292 1028 dem
324 985 551 1040 disciplina
580 985 742 1027 factum
764 988 848 1036 est,
880 988 928 1026 ut
949 988 1096 1027 orator
1124 988 1273 1026 noster
1293 989 1440 1026 vetera
1461 985 1607 1027 dicens
1629 997 1741 1026 nova
1766 985 1955 1039 proferre
1978 984 2244 1027 auditoribus
2267 987 2321 1027 sit
2342 987 2467 1027 visus.
2501 993 2579 1041 (or.
2608 990 2703 1036 la).

472 1060 644 1116 Itaque,
676 1074 806 1116 quum
836 1064 982 1116 partes
1004 1060 1228 1112 orationis,
1260 1060 1304 1100 in
1324 1073 1431 1114 quas
1462 1060 1650 1100 inventio
1683 1065 1957 1101 consumatur
1988 1064 2032 1101 et
2054 1074 2149 1101 eam
2179 1061 2315 1115 ipsam
2346 1062 2472 1102 variis
2495 1062 2706 1103 bonarum

177 1137 351 1179 'artium
382 1137 534 1179 studiis
566 1141 860 1191 comparatam
890 1141 934 1178 et
964 1141 1138 1178 auctam
1168 1149 1263 1178 esse
1295 1137 1640 1190 cognoverimus,
1681 1138 1867 1178 inventio
1910 1138 2127 1178 Ciceronis
2160 1137 2428 1191 eloquentiae
2460 1153 2600 1192 neque
2634 1138 2707 1179 de-

194 1212 293 1263 fuit,
339 1225 479 1266 neque
510 1226 609 1253 vero
643 1212 816 1262 eadem,
858 1226 969 1265 quae
999 1212 1044 1253 in
1076 1212 1230 1253 ceteris
1272 1213 1362 1253 eius
1394 1212 1551 1253 aetatis
1594 1212 1837 1254 oratoribus
1881 1213 2034 1254 extitit.
2095 1212 2236 1263 Quare
2268 1213 2379 1255 idem
2410 1214 2525 1267 quod
2558 1214 2707 1256 Cicero

195 1286 420 1342 praedicat
450 1286 503 1328 de
535 1286 733 1338 Antonio,
766 1287 834 1328 cui
864 1287 1007 1328 omnia
1036 1287 1080 1328 in
1100 1291 1288 1328 mentem
1318 1284 1462 1328 venire
1494 1286 1602 1328 dixit
1636 1287 1680 1328 iu
1701 1286 1836 1329 Bruto
1869 1288 1990 1342 (139)
2023 1286 2076 1328 de
2110 1302 2159 1329 eo
2191 1288 2284 1342 ipso
2316 1293 2458 1342 potest
2490 1288 2706 1330 affirmari.

477 1362 611 1405 Venio
656 1376 769 1403 nunc
799 1362 856 1404 ad
886 1362 1067 1404 alteram
1100 1377 1212 1413 rem,
1257 1376 1368 1416 quae
1409 1362 1453 1404 in
1499 1361 1747 1416 eloquentia
1791 1363 2033 1416 requiritur.
2095 1362 2196 1416 Ipsa
2238 1362 2505 1416 eloquentiae
2552 1369 2707 1406 natura

195 1452 341 1479 secum
371 1436 474 1487 fert,
507 1441 554 1479 ut
584 1451 694 1489 quae
725 1437 899 1478 inventa
929 1440 1049 1486 sunt,
1083 1440 1202 1478 certa
1231 1437 1398 1479 ratione
1431 1436 1695 1479 collocentur
1726 1441 1770 1478 et
1800 1451 1945 1478 secum
1977 1437 2310 1489 coniungantur,
2343 1452 2425 1490 quo
2447 1438 2707 1491 probabilio-

194 1526 285 1554 rem
314 1511 500 1554 reddant
531 1526 706 1554 causam
737 1509 918 1553 oratoris
950 1514 1025 1553 aut
1051 1509 1322 1553 defendentis
1344 1515 1419 1553 aut
1440 1511 1700 1553 accusantis.
1732 1510 2060 1553 Rhetoricorum
2091 1512 2322 1566 scriptores
2355 1526 2448 1554 eam
2471 1512 2708 1555 collocandi

195 1592 334 1630 artem
374 1586 699 1642 appellaverunt
739 1586 1055 1640 dispositionem
1101 1601 1281 1640 eamque
1326 1586 1371 1628 in
1401 1585 1485 1629 duo
1517 1601 1677 1641 genera
1708 1586 1962 1638 diviserunt,
2003 1586 2187 1630 alterum
2218 1586 2273 1630 ab
2304 1588 2571 1630 institutione
2604 1588 2708 1630 artis

195 1661 455 1717 profectum,
488 1662 671 1704 alterum
702 1661 758 1704 ad
789 1676 934 1704 casum
964 1662 1170 1716 temporis
1201 1661 1582 1704 accommodatum.
1615 1661 1689 1716 (ad
1720 1662 1875 1704 Heren.
1907 1661 1979 1704 111.
2013 1665 2050 1706 9,
2088 1665 2169 1715 16).
2223 1661 2316 1713 Qua
2347 1661 2599 1716 disponendi
2631 1662 2708 1704 dn-

195 1736 297 1792 plici
326 1737 493 1780 ratione
527 1736 675 1779 Cicero
706 1752 808 1779 usus
840 1741 906 1779 est
930 1737 1197 1791 saepissime.
1258 1736 1420 1779 Extant
1451 1736 1564 1778 em‘m
1595 1736 1831 1788 orationes,
1862 1737 1906 1779 in
1937 1736 2091 1791 quibus
2123 1736 2228 1780 ordo
2261 1737 2315 1779 ab
2339 1742 2431 1779 arte
2455 1743 2708 1792 praeceptus

195 1812 446 1855 observatus
480 1817 545 1854 est
575 1812 654 1864 ita,
687 1817 735 1854 ut
768 1812 988 1855 exordium
1019 1816 1224 1867 sequatur
1254 1812 1456 1863 narratio,
1487 1811 1586 1853 huic
1619 1811 1822 1853 succedat
1855 1811 2017 1863 divisio,
2058 1811 2309 1854 divisionem
2341 1812 2526 1868 excipiat
2559 1811 2708 1854 confir-

195 1887 341 1938 matio,
378 1886 691 1929 confirmationi
722 1887 950 1929 subiuncta
988 1888 1044 1928 sit
1080 1886 1297 1937 refutatio,
1339 1890 1478 1928 totam
1509 1887 1748 1927 orationem
1787 1886 1970 1940 denique
2004 1886 2232 1928 concludat
2263 1888 2480 1941 peroratio
2514 1888 2577 1928 vel
2610 1902 2708 1928 con-

197 1960 342 2004 clusio.
375 1960 628 2016 Exemplum
658 1960 714 2004 sit
745 1961 883 2004 oratio
905 1975 992 2016 apro
1024 1960 1194 2003 Milone.
1255 1959 1401 2015 Longe
1433 1964 1578 2003 autem
1609 1960 1753 2015 plures
1784 1965 1884 2003 sunt
1915 1961 2150 2012 orationes,
2192 1975 2374 2015 quarum
2404 1966 2548 2016 partes
2581 1976 2708 2017 supra

196 2040 554 2079 commemoratae
585 2049 671 2078 non
702 2035 854 2079 eodem
885 2035 1033 2078 ordine
1065 2040 1164 2078 sunt
1196 2035 1452 2087 collocatae,
1485 2035 1562 2078 sed
1594 2049 1671 2090 pro
1706 2049 1861 2078 causae
1892 2041 2048 2078 natura
2080 2040 2124 2078 et
2144 2036 2328 2078 oratoris
2361 2036 2536 2078 consilio
2568 2036 2708 2091 dispo-

195 2110 317 2154 sitae.
350 2109 479 2154 Cuius
511 2110 802 2166 dispositionis
834 2110 888 2154 ab
920 2110 1025 2154 artis
1057 2111 1300 2166 praeceptis
1331 2111 1592 2163 recedentis,
1625 2124 1763 2166 neque
1795 2116 1940 2155 tamen
1973 2115 2067 2155 arte
2090 2112 2261 2155 omnino
2295 2112 2482 2155 carentis
2515 2112 2708 2167 exempla

195 2189 294 2229 sunt
314 2184 533 2229 Verrinae.
564 2184 613 2228 In
635 2185 827 2229 oratione
848 2185 908 2230 IV
931 2184 982 2229 de
1001 2184 1137 2240 siquis
1159 2185 1249 2229 sine
1270 2184 1357 2229 ullo
1388 2184 1562 2230 exordio
1594 2186 1742 2242 paucis
1765 2189 1911 2230 orator
1933 2186 2127 2242 exponit,
2161 2185 2214 2230 de
2240 2185 2396 2242 quibus
2429 2187 2484 2230 sit
2508 2186 2708 2230 dicturus.

194 2260 351 2305 deinde
381 2261 426 2304 in
456 2261 594 2316 prima
623 2265 748 2317 parte
779 2260 983 2305 orationis
1015 2265 1188 2305 enarrat
1219 2260 1550 2316 exspoliationes
1582 2261 1844 2316 singulorum
1876 2260 2115 2305 Siculorum
2145 2261 2189 2305 in
2221 2262 2360 2306 altera
2390 2267 2577 2306 totarum
2609 2262 2708 2305 civi-

196 2337 362 2379 tatium.
394 2336 450 2379 Et
479 2338 523 2379 in
554 2336 619 2379 his
651 2336 824 2391 quidem
854 2336 1078 2379 narrandis
1109 2341 1351 2391 temporum
1381 2337 1512 2379 series
1543 2351 1630 2379 non
1662 2336 1890 2379 observata
1922 2342 2009 2388 est,
2043 2337 2120 2380 sed
2150 2337 2195 2380 in
2228 2338 2444 2393 principio
2476 2352 2612 2380 sermo
2646 2344 2709 2380 est

195 2411 249 2455 de
279 2411 389 2455 Heio
420 2411 688 2464 Mamertino,
718 2412 763 2455 in
786 2410 870 2455 fine
902 2411 955 2455 de
986 2411 1218 2467 Syracusis.
1249 2411 1410 2463 Quodsi
1431 2416 1592 2463 orator,
1624 2411 1769 2455 Verris
1801 2412 2032 2456 avaritiam
2057 2413 2101 2456 in
2124 2412 2386 2465 civitatibus,
2419 2428 2527 2468 quae
2559 2412 2707 2456 lauda-

196 2487 335 2531 tiones
376 2487 467 2530 eius
507 2487 688 2531 Romam
724 2487 953 2539 miserant,
992 2486 1252 2542 singularem
1292 2486 1422 2530 fuisse
1464 2487 1673 2540 ostendit,
1711 2487 1757 2530 id
1788 2494 2010 2532 assecutus
2044 2494 2129 2540 est,
2169 2494 2217 2531 ut
2257 2504 2307 2532 eo
2339 2489 2524 2539 facilius,
2567 2488 2705 2543 qualis

194 2568 369 2618 praetor
399 2562 546 2618 populi
584 2563 767 2605 Romani
805 2562 922 2618 apud
952 2567 1229 2606 aucusatores
1261 2577 1360 2606 suos
1390 2562 1562 2614 fuisset,
1604 2563 1939 2618 perspiceretur,
1981 2565 2055 2618 qui
2086 2564 2203 2619 apud
2232 2563 2479 2606 laudatores
2512 2578 2609 2606 suos
2641 2579 2706 2605 re-

194 2643 342 2694 pertus
374 2643 488 2681 esset
517 2638 833 2693 improbissima
862 2639 1030 2681 ratione
1061 2637 1305 2693 praedatus.
1356 2638 1405 2681 In
1436 2651 1488 2681 ea
1518 2639 1713 2681 oratione
1745 2640 2062 2694 argumentatio
2095 2654 2121 2682 a
2151 2640 2397 2683 narratione
2428 2654 2513 2682 non
2546 2646 2609 2682 est
2642 2653 2707 2681 se-

193 2719 369 2770 parata,
410 2714 527 2768 quod
555 2714 670 2756 idem
701 2715 872 2769 saepius
903 2715 1066 2757 factum
1097 2720 1162 2757 est
1193 2715 1247 2757 ab
1280 2718 1449 2757 oratore
1480 2719 1628 2757 nostro
1667 2715 1712 2757 in
1744 2715 2034 2765 orationibus,
2076 2730 2258 2769 quarum
2301 2716 2524 2769 dispositio
2558 2721 2622 2757 est
2653 2716 2707 2757 ab

193 2790 463 2832 institutione
495 2791 600 2831 artis
631 2790 837 2844 profecta.
870 2790 1028 2832 Similis
1061 2790 1285 2845 dispositio
1317 2795 1383 2832 est
1413 2790 1588 2844 quintae
1621 2791 1839 2832 orationis.
1900 2791 2077 2841 Rerum,
2111 2804 2221 2844 quae
2252 2791 2297 2831 in
2327 2796 2484 2844 quarta
2515 2791 2706 2832 oratione

195 2866 338 2909 dictae
371 2871 513 2918 erant,
544 2867 663 2909 brevi
694 2866 987 2921 complexione
1020 2867 1274 2921 praemissa,
1307 2870 1453 2909 orator
1483 2880 1585 2908 suae
1617 2866 1905 2909 accusationis
1937 2867 2148 2909 rationem
2180 2867 2377 2921 exponit,
2409 2872 2499 2909 tum
2531 2866 2587 2909 ad
2610 2880 2708 2908 cau-

194 2957 287 2984 sam
316 2942 590 2984 tractandam
621 2942 800 2984 accedit.
862 2942 957 2993 Qua
986 2943 1030 2984 in
1060 2957 1106 2984 re
1137 2946 1333 2984 versatur
1362 2943 1445 2992 sie,
1492 2946 1540 2983 ut
1583 2942 1733 2996 primo,
1781 2942 1971 2984 Siciliam
2017 2943 2149 2983 Verre
2190 2947 2391 2996 praetore
2439 2942 2553 2983 nullo
2588 2942 2705 2995 gravi

195 3018 310 3059 bello
340 3018 423 3059 nisi
453 3018 735 3072 complurium
766 3032 984 3060 servorum
1015 3019 1294 3060 consensione
1325 3017 1543 3059 turbatam
1575 3031 1688 3067 esse,
1722 3017 1940 3067 ostendat,
1972 3022 2085 3066 tum,
2118 3017 2300 3058 classem
2331 3017 2388 3059 ad
2418 3017 2601 3058 insulam
2633 3016 2706 3058 de-

193 3091 452 3134 fendendam
493 3096 787 3148 comparatam
826 3097 1004 3148 propter
1033 3093 1180 3134 Verris
1210 3092 1514 3147 negligentiam
1546 3095 1590 3132 et
1621 3091 1849 3132 avaritiam
1882 3106 1908 3132 a
1941 3092 2093 3146 piratis
2125 3106 2393 3146 oppressam,
2427 3092 2709 3132 demonstret.

194 3167 379 3222 denique
411 3169 523 3209 cives
544 3169 759 3210 Romanos
791 3170 1050 3223 gravissimis
1082 3168 1302 3224 suppliciis
1332 3182 1360 3209 a
1381 3171 1579 3223 praetore
1612 3165 1789 3208 affectos
1822 3181 1916 3207 esse
1940 3167 2150 3208 iudicibus
2181 3173 2340 3208 narret.
2373 3168 2535 3218 Quibus
2569 3181 2708 3207 exem-

195 3242 277 3297 plis
307 3244 444 3285 nostri
475 3245 657 3285 oratoris
689 3244 944 3299 disponendi
972 3245 1187 3285 rationem
1216 3245 1322 3285 satis
1352 3244 1611 3284 illustratam
1641 3256 1734 3284 esse
1766 3247 1883 3297 puto.

472 3318 538 3361 Ex
567 3320 618 3361 iis
649 3319 798 3374 igitur,
831 3333 941 3374 quae
968 3320 1059 3374 jam
1091 3319 1209 3362 dicta
1238 3324 1359 3371 sunt,
1391 3332 1528 3374 neque
1559 3319 1869 3368 inventionem,
1901 3332 2041 3372 neque
2074 3318 2400 3373 dispositionem
2433 3319 2476 3359 in
2508 3318 2709 3372 eloquen-

193 3394 257 3436 tia
289 3393 505 3437 Ciceronis
537 3395 774 3438 desiderari
805 3400 937 3451 patet.

478 3469 602 3511 Nunc
632 3472 820 3513 tertium
838 3471 965 3522 illud,
1007 3485 1092 3525 quo
1133 3471 1342 3526 imprimis
1384 3472 1566 3513 oratoris
1597 3468 1783 3512 officium
1816 3470 2076 3521 continetur,
2110 3476 2176 3512 est
2208 3470 2574 3512 considerandum.
2636 3469 2713 3511 Est

200 3550 345 3586 autem
378 3545 675 3587 elocutio.
