2911 4066
1332 175 1467 219 -3
1506 200 1576 206 -

452 295 618 366 >Quum
645 313 799 369 igitur,
837 310 942 367 quid
979 310 1034 354 de
1064 307 1175 355 libro
1203 308 1280 353 illo
1308 309 1566 361 iudicemus,
1606 308 1707 351 inde
1745 307 1851 351 satis
1889 310 2059 363 pateat,
2104 321 2156 349 ea
2184 321 2373 363 quoque,
2405 320 2517 363 quae
2548 305 2709 348 ibidem

199 390 401 443 leguntur
429 390 485 432 de
515 394 687 431 oratore
716 393 866 431 nostro
896 388 1015 434 dicta
1043 400 1139 429 esse
1169 399 1405 440 possumus·
1428 386 1685 427 existimare.

478 465 643 519 Itaque,
675 464 926 506 Ciceronem
963 462 1347 505 demonstrativum
1392 474 1526 514 genus
1567 473 1794 501 causarum
1823 458 2065 512 neglexisse
2094 471 2233 511 neque
2263 472 2362 500 vero
2392 460 2508 501 idem
2538 457 2711 500 dicendi

200 554 335 595 genus
365 540 538 582 omnino
566 539 832 593 repudiasse,
857 542 903 580 et
927 537 1138 593 exemplis
1169 541 1214 579 et
1242 536 1348 579 locis
1378 535 1567 578 laudatis
1597 535 1803 589 probasse
1834 534 1939 576 mihi
1969 533 2128 576 videor.

478 613 657 655 Praeter
685 613 1069 672 demonstrativum
1097 624 1233 666 genus
1263 624 1488 652 causarum
1508 610 1564 652 ab
1593 610 1841 652 auctoribus
1872 614 1917 651 et
1937 609 2113 651 Graecis
2146 614 2190 651 et
2209 608 2396 659 Latinis,
2427 611 2499 663 qui
2530 610 2582 651 de
2615 615 2710 651 arte

200 689 373 734 dicendi
402 690 691 745 scripserunt,
739 689 824 731 duo
864 702 1090 730 causarum
1130 700 1290 743 genera
1328 690 1427 728 sunt
1466 686 1722 738 constituta3
1763 699 1944 740 quorum
1975 684 2157 727 alterum
2188 684 2346 726 dicitur
2375 684 2709 726 deliberativam.

200 766 383 809 alterum
412 765 622 809 iudiciale.
673 765 862 817 Quorum
890 764 998 807 illud
1026 764 1215 820 positum
1243 763 1289 806 in
1319 762 1633 817 disceptatione
1666 750 1710 804 et
1741 761 2054 804 consultatione
2085 761 2197 803 'civili
2227 761 2360 804 habet
2389 761 2433 803 in
2464 774 2510 803 se
2542 766 2711 803 senten·

199 841 286 884 tiae
318 841 568 892 dictionem,
609 840 691 883 hoc
721 840 909 895 positum
949 840 995 881 in
1024 838 1196 881 iudicio·
1214 837 1348 880 habet
1377 838 1422 879 in
1453 850 1499 879 se
1530 837 1850 879 accusationem
1881 841 1926 878 et
1956 835 2247 878 defensionem
2279 841 2354 878 aut
2383 835 2636 891 petitionem
2669 842 2709 877 et

200 916 525 960 recusationem.
557 915 633 971 (ad
661 915 819 960 Heren.
849 914 881 957 Ι.
914 916 951 966 2,
989 915 1046 969 2).

477 990 534 1031 Et
565 1002 712 1030 eorum
742 1002 947 1044 generum
975 989 1020 1041 in
1050 992 1233 1043 utroque
1264 988 1494 1029 maximam
1533 988 1798 1042 consumpsit
1829 983 2005 1042 operam
2038 986 2198 1028 Cicero.
2261 986 2367 1029 Sunt
2397 987 2511 1029 enim
2541 987 2586 1028 in
2618 998 2712 1028 ora-

198 1067 364 1106 tionum
395 1066 485 1105 eius
516 1078 692 1105 numero
724 1064 858 1115 aliae,
890 1064 1045 1118 quibus
1075 1064 1193 1118 leges
1225 1063 1361 1104 suasit
1391 1067 1467 1103 aut
1497 1063 1718 1113 dissuasit,
1762 1063 1915 1116 quibus
1946 1063 1991 1103 in
2023 1062 2141 1102 curia
2171 1063 2405 1104 sententias
2437 1062 2568 1110 dixit,
2601 1061 2711 1103 aliae

199 1139 352 1194 quibus
382 1139 427 1180 in
458 1140 597 1181 causis
628 1139 806 1194 privatis
845 1140 891 1181 in
919 1138 1089 1181 iudiciis
1129 1138 1311 1194 publicis
1348 1142 1424 1180 aut
1464 1137 1655 1179 defendit
1693 1149 1789 1179 reos
1821 1141 1897 1179 aut
1926 1137 2146 1180 accusavit
2175 1137 2402 1191 improbos.
2459 1137 2526 1180 Ita
2541 1170 2550 1188 ,
2581 1149 2712 1192 quum

199 1214 243 1256 C.
275 1214 475 1257 Manilius
505 1219 535 1256 t.
554 1228 593 1268 p.
625 1214 682 1256 ad
712 1214 917 1269 populum
956 1214 1151 1266 tulisset,
1193 1217 1242 1255 ut
1282 1213 1356 1255 Cn.
1387 1212 1616 1268 Pompeius
1658 1226 1754 1254 cum
1792 1212 1971 1267 imperio
2010 1211 2215 1254 adversus
2246 1211 2538 1255 Mithridatem
2567 1224 2713 1265 regem

199 1289 462 1340 mitteretur,
495 1301 590 1329 eam
619 1289 887 1343 rogationem
918 1287 1068 1331 Cicero
1099 1287 1258 1344 populo
1291 1287 1438 1330 suasit.
1471 1286 1762 1329 Dissuadendi
1792 1285 1989 1343 exempla
2018 1289 2119 1329 sunt
2149 1286 2364 1329 orationes
2395 1286 2438 1329 in
2457 1285 2627 1330 Rullum
2660 1285 2712 1329 de

197 1364 293 1420 lege
324 1364 496 1420 agraria
525 1368 635 1417 tres,
667 1376 847 1419 quarum
877 1364 1033 1420 prima,
1064 1367 1113 1406 ut
1133 1367 1279 1419 patres
1311 1363 1423 1407 bono
1441 1363 1583 1407 animo
1616 1367 1760 1406 essent
1791 1362 2063 1415 cohortatus,
2095 1361 2233 1405 altera
2263 1361 2306 1405 in
2336 1363 2532 1406 contione
2554 1361 2713 1418 populi.

198 1453 309 1494 quae
340 1439 481 1494 legem
511 1443 712 1481 secutura
743 1443 888 1480 essent
917 1439 1195 1489 detrimenta,
1238 1440 1457 1494 exposuit3
1500 1439 1631 1481 tertia
1662 1438 1846 1493 denique
1879 1438 1934 1480 ab
1966 1437 2223 1480 adversariis
2253 1438 2297 1479 in
2330 1451 2374 1479 se
2407 1438 2601 1480 coniecta
2633 1439 2712 1480 cri-

198 1515 314 1557 mina
344 1515 479 1557 diluit.
513 1514 762 1557 Sententiae
793 1514 837 1555 in
862 1518 1015 1555 senatu
1046 1514 1189 1556 dictae
1221 1513 1462 1568 exemplum
1491 1514 1760 1556 notissimum
1792 1518 1858 1555 est
1888 1513 2040 1568 Philip.
2074 1513 2104 1554 Ι.
2136 1526 2222 1567 qua
2252 1514 2506 1555 sententiam
2536 1519 2713 1567 rogatus

207 1590 405 1633 Caesaris
442 1594 542 1632 acta
578 1589 788 1631 servanda
830 1602 923 1631 esse
966 1589 1142 1631 censuit.
1203 1588 1407 1631 Eiusdem
1444 1589 1613 1643 generis
1654 1593 1719 1631 est
1749 1589 1889 1631 oratio
1920 1588 1974 1630 de
2006 1588 2235 1643 provinciis
2267 1588 2582 1632 consularibus.
2630 1602 2715 1643 qua

199 1666 386 1716 censuit,
417 1665 490 1719 qui
522 1665 734 1719 designati
767 1669 911 1707 essent
939 1665 985 1706 in
1014 1676 1174 1706 annum
1206 1667 1289 1705 700
1320 1678 1359 1706 u.
1392 1678 1426 1706 c.
1459 1664 1701 1707 consulibus
1733 1665 1973 1719 provincias
2016 1664 2182 1719 Syriam
2214 1668 2259 1706 et
2288 1663 2587 1706 Macedoniam
2619 1678 2711 1706 esse

199 1740 493 1782 decernendas
533 1741 613 1789 ita,
656 1745 704 1781 ut
745 1753 818 1781 eas
856 1740 1050 1794 proximo
1090 1752 1202 1781 anno
1241 1738 1326 1780 duo
1367 1743 1590 1793 praetores
1629 1739 1892 1783 obtinerent.
1944 1738 1988 1780 C.
2020 1743 2164 1781 autem
2207 1738 2381 1780 Caesari
2413 1738 2519 1781 duas
2551 1739 2712 1781 Gallias

196 1816 426 1858 coniuncto
456 1816 636 1871 imperio
669 1828 762 1857 esse
793 1815 1108 1871 relinquendas.

512 1891 690 1933 Generis
715 1890 933 1946 judicialis
975 1895 1075 1933 sunt
1111 1891 1348 1933 orationes:
1380 1904 1458 1946 pro
1491 1890 1530 1933 S.
1562 1890 1717 1934 Roscio
1748 1891 1961 1933 Amerino.
1994 1890 2212 1946 parricidii
2245 1904 2330 1941 reo,
2364 1904 2440 1946 pro
2472 1893 2518 1934 A.
2550 1891 2710 1934 Licinio

197 1967 357 2007 Archia
386 1971 517 2021 poeta
547 1980 620 2027 reo
650 1966 778 2018 facto,
810 1966 926 2021 quod
958 1967 1002 2007 in
1033 1966 1251 2008 civitatem
1280 1966 1542 2021 irrepsisset,
1575 1978 1654 2021 pro
1684 1965 1728 2007 P.
1762 1965 1907 2008 Sextio
1939 1965 1992 2007 de
2025 1967 2064 2007 vi
2097 1960 2185 2017 reo,
2216 1979 2293 2021 pro
2321 1965 2366 2007 Τ.
2389 1966 2526 2008 Α111110
2558 1966 2712 2008 Milone

198 2043 251 2083 de
283 2043 341 2091 vi,
387 2056 464 2097 pro
505 2043 548 2082 C.
581 2042 777 2083 Cornelio
818 2042 936 2083 Sulla
974 2042 1028 2083 de
1060 2042 1243 2093 ambitu,
1292 2055 1369 2097 pro
1412 2041 1485 2083 Cn.
1527 2041 1701 2083 Plancio
1735 2042 1789 2083 de
1822 2042 2059 2093 sodaliciis,
2108 2054 2185 2096 pro
2217 2054 2318 2096 rege
2350 2042 2566 2084 Deiotaro.
2611 2044 2712 2084 item

197 2118 336 2158 oratio
368 2130 445 2171 pro
476 2117 659 2170 Ligario,
691 2130 801 2170 quae
833 2130 1093 2171 quamquam
1122 2130 1207 2158 non
1238 2117 1281 2157 in
1312 2116 1471 2157 iudicio
1501 2116 1653 2158 habita
1682 2117 1851 2171 generis
1884 2121 1949 2158 est
1980 2117 2204 2158 iudicialis.
2236 2117 2314 2158 Est
2346 2117 2460 2159 enim
2491 2131 2616 2171 quani
2651 2118 2712 2159 di-

198 2197 302 2233 cunt
331 2192 578 2245 deprecatio,
609 2206 694 2246 qua
723 2204 822 2233 reus
863 2205 908 2233 se
940 2205 1118 2247 pecasse
1151 2195 1196 2233 et
1227 2190 1404 2233 consilio
1437 2204 1616 2247 pecasse
1649 2191 1856 2234 confitens
1886 2197 2054 2243 tamen,
2094 2197 2141 2234 ut
2183 2191 2265 2234 sibi
2295 2192 2560 2247 ignoscatur.
2594 2193 2712 2248 petit..

197 2267 418 2310 Eiusmodi
450 2268 665 2310 orationes
698 2271 842 2309 autem
874 2272 917 2309 et
949 2281 975 2309 a
1007 2267 1212 2310 Cicerone
1244 2267 1288 2309 in
1318 2266 1428 2309 libro
1459 2267 1512 2310 de
1544 2268 1789 2310 inventione
1813 2273 1855 2310 et
1887 2268 1942 2310 ab
1965 2273 2141 2310 auctore
2164 2268 2220 2310 ad
2252 2268 2513 2311 Herennium
2547 2270 2713 2319 generis

198 2343 410 2385 iudicialis
442 2343 652 2385 dicuntur.
713 2342 862 2398 Neque
895 2356 993 2384 vero
1024 2342 1219 2384 defendit
1250 2356 1396 2384 verum
1428 2343 1558 2384 etiam
1590 2344 1810 2385 accusavit
1842 2343 2003 2393 Cicero,
2038 2344 2157 2385 cuius
2190 2344 2251 2385 rei
2285 2344 2482 2399 exempla
2514 2352 2608 2387 sunt
2641 2359 2710 2386 ae-

201 2419 342 2460 tiones
373 2419 416 2459 in
448 2418 646 2468 Verrem,
677 2417 1012 2473 repetundarum
1043 2431 1184 2469 reum,
1217 2430 1352 2472 eaque
1383 2418 1765 2472 praestantissima.
1797 2417 1879 2469 Qui
1906 2417 2197 2473 exemplorum
2227 2431 2429 2461 numerus
2461 2420 2606 2473 augeri
2639 2434 2713 2474 po-

197 2498 303 2545 test3
335 2493 413 2535 sed
444 2493 645 2547 quoniam
675 2507 761 2535 non
794 2507 846 2535 ex
876 2492 1151 2535 multitudine
1172 2493 1249 2535 sed
1272 2506 1322 2535 ex
1354 2493 1565 2546 gravitate
1597 2493 1960 2536 testimoniorum.
2003 2494 2130 2547 quale
2163 2495 2292 2536 fuerit
2324 2508 2548 2536 causarum
2581 2509 2712 2547 genus

196 2584 224 2611 a
255 2568 460 2611 Cicerone
492 2573 788 2622 susceptarum
820 2569 1021 2621 cognosci
1052 2581 1178 2622 posse
1210 2568 1417 2611 arbitror.
1449 2568 1492 2608 in
1522 2568 1606 2609 illis
1638 2583 1744 2620 quas
1777 2569 2103 2609 commemoravi
2135 2569 2401 2609 orationibus
2434 2569 2535 2610 mihi
2568 2585 2713 2623 super-

197 2643 433 2686 sedendum
465 2644 621 2698 putavi.

479 2718 695 2760 Ciceronis
734 2719 865 2772 igitur
903 2719 1192 2773 eloquentiam
1231 2720 1274 2760 in
1307 2718 1501 2761 omnibus
1534 2732 1761 2760 causarum
1802 2724 1845 2760 et
1877 2718 2144 2773 publicarum
2177 2724 2220 2761 et
2252 2720 2514 2774 privatarum
2547 2722 2710 2775 generi-

198 2796 277 2836 bus
308 2800 549 2836 versantem
579 2795 786 2849 imprimis
816 2796 860 2836 in
892 2794 1173 2837 deliberativo
1206 2800 1250 2837 et
1279 2794 1468 2836 iudiciali
1509 2807 1665 2848 genere
1699 2800 1996 2848 consumptam
2028 2808 2120 2836 esse
2154 2809 2205 2836 ex
2237 2796 2529 2849 superioribus
2561 2796 2714 2844 elucet,

476 2869 615 2920 Quum
648 2883 876 2911 causamm
907 2883 1068 2924 genera
1106 2869 1342 2912 habeamus
1374 2873 1623 2925 perspecta,
1664 2884 1775 2911 nunc
1808 2869 1863 2912 ad
1896 2868 2078 2912 alterum
2109 2869 2236 2917 illud,
2280 2869 2396 2925 quod
2428 2871 2470 2913 in
2503 2871 2710 2927 principio

197 2946 306 2997 dixi,
338 2947 394 2988 ad
425 2946 750 3001 artem-ipsam,
783 2960 894 3000 quae
926 2951 992 2988 est
1024 2960 1092 2988 ars
1124 2945 1316 2997 dicendi,
1351 2945 1726 2997 considerandam,
1762 2946 2028 2988 accedamus.
2079 2946 2218 2997 Quum
2250 2952 2397 2989 autem
2429 2948 2555 2989 variis
2585 2948 2712 2989 rebus

195 3026 366 3064 constet
396 3021 664 3076 eloquentia,
712 3035 785 3063 eas
819 3021 1027 3076 singulas,
1074 3036 1159 3076 quo
1197 3022 1334 3076 magis
1380 3036 1447 3064 res
1478 3021 1734 3065 illustretur.
1781 3024 1823 3064 111
1856 3023 1990 3064 nostri
2037 3023 2219 3064 oratoris
2263 3028 2357 3065 arte
2405 3023 2573 3065 dicendi
2625 3039 2715 3065 sum

197 3097 498 3152 explicaturus.

475 3172 671 3227 Quinque
701 3179 802 3216 sunt
832 3189 919 3223 res,
965 3189 1072 3226 quas
1105 3173 1255 3216 Cicero
1286 3175 1330 3216 111
1362 3174 1502 3216 Bruto
1535 3177 1627 3226 (26)
1661 3180 1776 3215 artes
1808 3189 1987 3226 magnas
2018 3175 2232 3228 appellat.
2275 3190 2327 3216 ex
2360 3177 2513 3228 quibus
2547 3183 2710 3216 constet

194 3248 454 3301 eloquentia.
507 3248 616 3291 Sunt
637 3254 802 3291 autem:
825 3250 1027 3298 inventio,
1059 3249 1294 3302 dispositio,
1327 3249 1513 3298 elocutio,
1545 3250 1764 3298 memoria,
1789 3251 2103 3301 pronunciatio.
2137 3250 2212 3302 (ad
2244 3251 2399 3291 Heren.
2434 3252 2462 3290 I.
2499 3256 2533 3291 2.
2569 3257 2623 3295 3).

474 3324 661 3365 Primum
690 3325 822 3378 igitur
852 3324 1082 3366 videndum
1114 3332 1180 3366 est
1210 3328 1393 3375 oratori,
1426 3325 1528 3379 quid
1552 3326 1689 3373 dicat,
1721 3339 1805 3377 quo
1838 3326 2083 3366 continetur
2112 3327 2310 3373 inventio,
2344 3341 2453 3380 quae
2486 3333 2551 3366 est
2574 3340 2714 3366 rerum

198 3414 395 3456 verarum
425 3406 501 3442 aut
532 3406 580 3442 ut
610 3415 805 3443 verarum
838 3402 1118 3454 excogitatio,
1150 3416 1261 3455 quae
1296 3416 1469 3443 causam
1499 3401 1766 3455 probabilem
1787 3400 1982 3442 reddant.
2045 3401 2184 3451 Quum
2217 3403 2470 3456 prudentiae
2502 3403 2557 3442 sit
2570 3433 2579 3446 ,
2613 3421 2619 3438 ι
2626 3402 2717 3454 1111(1

197 3475 377 3530 quisque
409 3474 547 3525 dicat,
577 3475 744 3527 videre,
765 3490 863 3518 03111
884 3490 1053 3530 quoque
1084 3476 1286 3519 virtutem
1315 3491 1401 3518 non
1417 3475 1601 3518 defuisse
1625 3474 1819 3517 Ciceroni
1850 3474 2066 3518 volumina
2086 3477 2328 3519 orationum
2361 3478 2450 3518 eius
2481 3476 2546 3517 vel
2577 3478 2717 3518 minus

197 3549 428 3605 diligenter
459 3548 802 3605 pervolutantem
848 3551 997 3605 fugere
1028 3566 1113 3595 11011
1145 3557 1300 3606 potest.
1363 3552 1419 3594 Et
1451 3552 1562 3594 enim
1607 3551 1679 3605 qui
1711 3551 1852 3605 potuit
1894 3550 2043 3594 Cicero
2089 3558 2157 3594 tot
2188 3553 2331 3595 dicere
2364 3554 2602 3595 orationes.
2635 3554 2715 3594 nisi

198 3640 362 3677 rerum,
395 3626 548 3680 quibus
581 3626 850 3669 auditoribus
872 3627 1174 3682 persuaderet.
1207 3627 1429 3670 habuisset
1452 3627 1619 3681 copiam
1649 3641 1777 3679 quam
1802 3627 2062 3668 maximam?
2095 3627 2554 3691 Quod-argumentum.
2586 3643 2715 3681 quum
