2911 4066
1327 145 1574 186 -2—

179 274 339 318 bellum
371 275 735 321 Mithridaticum.
777 276 961 318 feliciter
1008 275 1219 318 conficere
1251 290 1399 332 posse,
1438 277 1622 332 populus
1662 275 1926 331 intelligeret
1962 290 2068 321 neve
2108 277 2415 334 imperatorem
2453 293 2549 325 esse
2578 280 2709 325 vellet

178 353 444 404 iuberetque.
505 352 554 392 In
586 352 783 393 oratione
820 367 922 405 „pro
953 352 1114 392 Archia
1144 355 1300 404 poeta“
1337 351 1488 393 Cicero
1520 357 1638 394 artes
1668 352 1805 394 bonas
1827 352 2029 395 laudibus
2062 352 2316 404 celebravit,
2348 367 2435 407 quo
2464 356 2603 414 magis
2631 369 2708 398 reo

178 426 368 468 iudicum
399 427 566 467 animos
600 427 851 468 conciliaret
882 431 926 468 et
957 426 1193 475 civitatem,
1227 426 1397 468 etiamsi
1426 440 1513 468 non
1543 426 1745 477 haberet,
1786 441 1874 481 qua
1902 427 1948 469 in
1977 441 2026 470 ie
2057 427 2241 471 fortasse
2272 428 2442 482 longius
2472 443 2602 483 quam
2632 427 2707 472 de-

179 502 268 543 cuit
298 501 557 545 Romanum.
606 506 893 543 commoratus
926 506 1003 543 est.
1058 500 1162 542 Eius
1192 515 1364 555 quoque
1406 503 1575 554 generis
1622 507 1722 545 sunt
1752 502 1852 545 illae
1892 502 2230 558 vituperationes
2260 489 2497 556 Catilinae,
2538 504 2706 557 Verris,

181 577 365 617 Antonii.

459 654 514 694 At
547 667 592 694 se
624 652 951 702 declamitasse„
983 654 1076 708 ipse
1110 652 1260 695 Cicero
1293 654 1457 708 aliquot
1486 654 1591 696 locis
1624 653 1871 709 profitetur,
1903 659 1951 696 ut
1980 654 2026 696 in
2054 654 2192 696 Bruto
2227 656 2362 709 (310).
2409 655 2706 707 „Commenta-

182 761 198 778 ,.
217 728 296 770 bar
326 728 609 770 declamitans
641 742 772 784 saepe
811 743 905 770 cum
937 728 992 771 Μ.
1026 729 1180 771 Pisone
1215 735 1258 771 et
1290 744 1386 771 cum
1415 729 1463 780 Q.
1495 729 1700 784 Pompeio
1731 733 1807 771 aut
1839 743 1936 771 cum
1966 729 2111 784 aliquo
2144 729 2303 771 cotidie
2333 729 2463 785 idque
2493 730 2707 774 faciebam

182 837 198 853 „
216 803 397 845 multum
430 804 562 845 etiam
592 803 760 850 Latine.
792 803 868 845 sed
902 804 1067 846 Graece
1100 805 1295 859 saepius;
1328 809 1407 847 etc.
1470 804 1587 847 Alios
1618 804 1736 846 locos
1768 804 1863 846 vide
1895 804 2011 859 apud
2043 803 2092 847 O.
2122 804 2237 847 Jahn
2278 806 2322 847 in
2353 805 2541 848 editione
2571 806 2707 850 Bruti.

178 878 354 927 Omitto,
386 878 520 933 quod,
568 878 715 933 qualia
757 879 917 921 fuerint
962 879 1132 921 illarum
1178 879 1541 923 declamationum
1580 883 1852 935 argumenta,
1891 880 2156 935 ignoramus:
2194 880 2240 923 id
2280 880 2396 936 quod
2437 881 2530 937 ipse
2561 885 2708 925 orator

177 958 325 994 noster
356 955 406 993 iis
440 954 579 993 verbis
619 954 898 1006 significavit,
937 952 1268 995 consideremus.
1330 956 1379 996 In
1411 956 1545 997 Bruto
1584 955 1786 996 disseruit
1829 955 1974 1010 paullo
2005 960 2106 996 ante
2137 957 2260 1010 (309)
2292 956 2346 996 de
2378 956 2465 997 suis
2497 957 2707 997 exercita-

176 1030 366 1069 tionibus
399 1030 620 1072 oratoriis,
653 1043 739 1082 quo
772 1030 964 1083 paratior
995 1030 1039 1069 in
1070 1028 1209 1070 forum
1242 1032 1417 1071 veniret.
1479 1024 1584 1071 Inde
1621 1044 1706 1070 non
1739 1031 1971 1084 voluptatis
2004 1031 2081 1070 sed
2112 1031 2311 1084 publicae
2342 1031 2542 1072 utilitatis
2576 1045 2706 1072 causa

177 1118 274 1145 eum
320 1104 623 1145 declamitasse
666 1104 955 1158 intelligimus,
1017 1104 1150 1146 Extat
1190 1110 1336 1147 autem
1377 1106 1485 1147 alius
1524 1105 1667 1154 locus,
1707 1118 1791 1159 quo
1833 1105 1987 1159 quibus
2028 1106 2073 1146 in
2113 1105 2437 1159 quaestionibus
2468 1106 2707 1148 tractandis

178 1179 421 1234 philosophi
453 1192 631 1234 operam
664 1193 913 1221 consumere
947 1180 1136 1230 soleant,
1171 1193 1244 1222 eas
1276 1175 1437 1235 procul'
1458 1181 1513 1222 ab
1536 1180 1721 1222 oratoris
1751 1165 1893 1221 officio
1925 1179 2078 1220 abesse
2109 1178 2307 1221 affirmat.
2350 1179 2571 1234 Leguntur
2591 1181 2707 1235 apud

177 1253 262 1295 Cic.
295 1254 349 1295 de
382 1255 462 1294 inv.
495 1254 538 1301 1.,
573 1257 598 1294 8
631 1254 757 1296 haec:
807 1253 942 1305 „Nam
981 1254 1137 1309 quibus
1168 1255 1212 1296 in
1247 1254 1376 1296 rebus
1415 1267 1581 1297 summa
1621 1255 1796 1309 ingenia
1835 1253 2187 1311 philosophorum
2218 1254 2400 1309 plurimo
2431 1267 2528 1295 cum
2558 1254 2705 1296 labore

180 1364 196 1381 „
215 1335 471 1386 consumpta
503 1330 800 1385 intelligimus,
844 1343 917 1372 eas
957 1330 1069 1372 sicut
1108 1330 1276 1386 aliquas
1317 1343 1469 1386 parvas
1515 1343 1583 1372 res
1616 1330 1778 1372 oratori
1820 1329 2058 1372 attribuere
2089 1343 2247 1385 magna
2278 1330 2468 1372 amentia
2497 1330 2701 1373 videtur.“

180 1406 375 1456 ..Quodsi
407 1406 540 1459 igitur
570 1392 821 1447 amentiam*⁴
860 1419 955 1447 eam
986 1411 1131 1455 vocat,
1165 1419 1261 1446 euin
1293 1419 1464 1460 quoque
1497 1407 1638 1461 ipsum
1671 1405 1880 1446 eiusmodi
1902 1405 2226 1459 quaestionibus
2259 1419 2304 1446 se
2336 1405 2596 1447 abstinuisse
2629 1420 2705 1460 pu-

175 1487 318 1522 tantes
351 1481 469 1522 haud
502 1481 751 1523 errabimus.

458 1556 545 1599 Sed
584 1557 787 1611 quoniam
821 1556 992 1598 dicendi
1033 1570 1168 1611 genus
1202 1557 1586 1598 demonstrativum
1628 1557 1681 1598 ab
1725 1561 1896 1598 oratore
1939 1562 2084 1598 nostro
2117 1570 2201 1597 non
2234 1557 2405 1598 omnino
2434 1557 2706 1611 repudiatum

175 1635 260 1674 iam
292 1646 424 1687 supra
456 1632 657 1680 vidimus,
689 1632 781 1681 hic,
814 1646 867 1674 ne
902 1645 1048 1673 secum
1080 1646 1273 1687 pugnare
1306 1632 1555 1682 videantur,
1596 1647 1706 1686 quac
1740 1631 1866 1673 modo
1899 1632 2017 1673 dicta
2048 1637 2164 1688 sunt,
2198 1646 2294 1673 euni
2326 1633 2484 1687 ipsum,
2517 1632 2620 1687 quid
2652 1632 2705 1673 de

175 1720 333 1760 genere
364 1707 537 1748 dicendi
569 1707 907 1748 demonstrativo
940 1707 1214 1756 iudicaverit,
1258 1703 1504 1761 loquentem
1548 1707 1783 1748 audiamus.
1826 1707 1915 1762 (Or.
1949 1710 2063 1761 209).
2106 1710 2276 1759 „Genus
2322 1714 2467 1750 autem
2498 1710 2579 1751 hoc
2611 1724 2706 1751 ora-

174 1783 303 1825 tionis
336 1796 475 1838 neque
507 1787 647 1825 totum
679 1782 982 1824 assumendum
1026 1787 1091 1824 est
1123 1782 1180 1824 ad
1212 1797 1364 1824 causas
1396 1781 1588 1823 forenses
1621 1796 1759 1838 neque
1792 1783 1965 1825 omnino
1997 1783 2347 1839 repudiandu111.“
2413 1783 2506 1826 Etsi
2538 1797 2589 1827 ea
2620 1798 2706 1827 non

175 1859 228 1901 de
262 1872 307 1901 se
339 1859 435 1914 ipso
467 1858 719 1901 Ciceronem
751 1858 895 1900 dicere
928 1858 1057 1900 obiici
1089 1862 1255 1914 potest,
1286 1863 1432 1900 tamen
1466 1871 1564 1900 eum
1580 1859 1720 1913 ipsum
1750 1858 1886 1910 idem,
1915 1858 2033 1914 quod
2062 1858 2118 1901 ab
2138 1859 2224 1910 1110,
2256 1872 2384 1914 quem
2412 1859 2536 1914 fingit
2567 1860 2706 1902 excel·

173 1935 279 1976 lenti
312 1939 485 1976 oratore
516 1933 679 1975 factum
711 1934 912 1985 voluerit,
947 1934 1099 1975 fecisse
1132 1933 1359 1974 verisimile
1393 1938 1470 1974 est.
1504 1933 1624 1984 Quae
1657 1934 1874 1975 sententia
1894 1933 1969 1975 fiet
2000 1934 2276 1990 probabilior,
2313 1934 2349 1975 si
2381 1934 2632 1976 Ciceronem
2662 1936 2706 1975 in

179 2015 451 2061 „oratore“
489 2024 566 2050 suo
599 2023 684 2050 nou
716 2011 923 2060 oratoris,
956 2010 1095 2064 qualis
1128 2024 1347 2064 nunquam
1378 2010 1528 2059 fuerit,
1574 2011 1763 2065 speciem
1795 2009 1966 2050 finxisse
1999 2010 2250 2054 viderimus,
2284 2011 2361 2051 sed
2397 2024 2508 2065 quae
2538 2012 2630 2066 ipse
2662 2012 2706 2051 in

174 2100 251 2128 suo
284 2099 412 2128 cursu
444 2086 633 2127 oratorio
666 2086 723 2126 sit
753 2090 955 2140 expertus
988 2099 1040 2126 ca
1072 2085 1215 2126 omnia
1256 2086 1298 2126 in
1331 2086 1444 2127 hunc
1475 2085 1631 2126 librum
1675 2086 1906 2128 contulisse
1940 2086 2275 2139 cognoverimus.
2338 2086 2522 2128 Uberius
2553 2099 2622 2127 res
2654 2099 2706 2127 ea

172 2166 364 2205 tractata
396 2167 462 2203 est
492 2161 547 2203 ab
581 2161 627 2203 O.
659 2160 801 2202 Jahno
834 2161 877 2201 in
909 2160 1178 2216 praefatione
1211 2161 1394 2202 oratoris
1427 2161 1608 2203 editioni
1639 2161 1888 2216 praemissa.

456 2237 557 2279 Tria
587 2242 707 2288 sunt,
741 2251 763 2279 e
796 2236 951 2291 quibus
983 2236 1027 2279 id
1059 2235 1204 2290 colligi
1236 2242 1390 2292 potest.
1434 2236 1652 2280 Ciceronis
1684 2237 1815 2280 verba
1845 2238 1959 2293 ipsa,
1999 2243 2091 2280 tiun
2133 2238 2357 2281 consilium
2385 2238 2430 2280 in
2460 2237 2570 2280 libro
2602 2238 2705 2280 scri-

174 2314 315 2356 bendo
347 2313 464 2367 quod
495 2317 589 2355 erat
620 2317 815 2361 secutus,
848 2312 1034 2366 denique
1067 2314 1379 2354 sententiarum
1411 2312 1731 2367 probandarum
1762 2313 1969 2368 exempla.
2012 2312 2081 2355 Ita
2110 2313 2153 2355 111
2179 2327 2243 2368 ep.
2276 2313 2332 2355 ad
2353 2312 2450 2355 fam.
2482 2313 2551 2355 VL
2578 2316 2642 2363 18,
2666 2318 2703 2362 4,

173 2388 377 2442 leguntur
418 2388 543 2430 haec:
587 2387 842 2440 „Oratorem
883 2401 1025 2428 meum
1064 2391 1187 2429 tanto
1226 2401 1355 2442 opere
1390 2403 1416 2429 a
1455 2392 1498 2429 te
1537 2387 1713 2442 probari
1754 2387 2030 2430 vehementer
2068 2387 2248 2442 gaudeo,
2289 2388 2393 2429 mihi
2430 2387 2604 2443 quidem
2644 2388 2705 2429 sic

178 2499 194 2513 „
212 2464 467 2519 persuadeo,
499 2478 566 2505 me
598 2462 809 2517 quidquid
841 2462 1066 2505 habuerim
1097 2462 1244 2504 iudicii
1276 2462 1330 2504 de
1363 2462 1547 2505 dicendo
1589 2463 1633 2505 in
1665 2462 1783 2504 illum
1814 2462 1969 2505 librum
2001 2463 2245 2513 contulisse,
2308 2462 2389 2514 Qui
2419 2463 2456 2505 si
2488 2467 2555 2506 est
2584 2462 2704 2513 talis,

178 2540 382 2594 „qualem
413 2539 492 2580 tibi
524 2539 661 2580 videri
692 2538 866 2588 scribis,
909 2552 981 2591 eqo
1013 2552 1183 2591 quoque
1226 2538 1392 2591 aliquid
1423 2553 1539 2589 sum;
1583 2539 1647 2580 sin
1680 2538 1825 2589 aliter,
1858 2553 1943 2580 non
1974 2553 2137 2589 recuso,
2170 2540 2273 2592 quin
2304 2544 2512 2592 quantum
2544 2539 2599 2580 de
2629 2538 2705 2580 illo

176 2650 191 2664 „
211 2616 321 2658 libro
353 2615 625 2657 tantumdem
656 2615 709 2656 de
742 2614 827 2656 mei
858 2613 1005 2655 iudicii
1037 2613 1153 2656 fama
1184 2613 1476 2656 detrahatur.“
1533 2614 1615 2664 Qui
1646 2614 1764 2656 locus
1796 2629 2057 2669 quamquam
2088 2615 2194 2656 satis
2226 2614 2465 2657 loculenter
2496 2614 2695 2660 ostendit.

172 2691 276 2747 quid
308 2691 362 2735 de
395 2690 504 2734 libro
535 2690 609 2733 illo
641 2691 901 2741 sentiamus,
942 2689 1038 2745 plus
1070 2689 1343 2732 auctoritatis
1382 2688 1560 2731 habebit
1592 2694 1635 2731 et
1667 2689 1844 2732 consilio
1875 2689 1989 2732 illius
2023 2689 2121 2731 libri
2166 2689 2380 2745 explicato
2413 2693 2456 2731 et
2489 2689 2704 2745 exemplo-

173 2782 287 2813 rum,
320 2781 431 2822 quae
466 2767 616 2809 Cicero
648 2766 798 2809 attuht
828 2779 1008 2808 numero
1040 2770 1282 2820 perspecto.

456 2843 596 2898 Atque
628 2846 722 2885 1010
754 2840 845 2884 fere
876 2840 986 2884 libro
1027 2844 1174 2883 orator
1215 2845 1381 2889 noster,
1426 2838 1701 2883 vehementer
1738 2840 1952 2884 invehitur
1994 2846 2037 2883 et
2076 2841 2119 2882 in
2156 2840 2307 2883 doctos
2347 2840 2541 2883 homines
2589 2845 2632 2883 et
2663 2840 2706 2881 in

172 2926 388 2969 oratores,
428 2919 501 2974 qui
533 2932 672 2973 neque
711 2917 886 2961 dicendi
924 2931 1060 2971 genus
1091 2917 1146 2959 ab
1178 2917 1271 2972 ipso
1314 2916 1557 2959 adhibitum
1595 2917 1904 2972 probaverunt,
1944 2931 2083 2971 neque
2126 2916 2258 2959 ullum
2299 2916 2416 2959 aliud
2446 2917 2549 2968 nisi,
2591 2916 2707 2971 quod

172 2997 255 3052 ipsi
286 2996 478 3038 Atticum
507 2995 617 3038 falso
648 2995 882 3045 vocabant,
914 2995 958 3037 in
990 2993 1163 3049 publico
1196 2993 1392 3037 adhiberi
1424 2992 1665 3036 voluerunt.
1726 2993 1782 3036 Et
1808 2994 1941 3044 enim,
1983 3007 2115 3048 quum
2146 2992 2285 3036 solum
2314 2992 2485 3048 Lysiam
2515 2992 2707 3035 Atticum

172 3071 429 3115 imitandum
459 3077 611 3125 negat,
644 3077 735 3114 tum
768 3070 1125 3121 Demosthenem,
1159 3070 1343 3112 eundem
1373 3069 1584 3119 Atticum,
1618 3070 1691 3123 qui
1721 3074 1766 3113 et
1797 3069 1946 3112 subtili
1978 3074 2022 3112 et
2052 3069 2259 3111 mediocri
2292 3073 2336 3111 et
2366 3060 2537 3122 grandi'
2550 3081 2707 3121 genere

172 3148 346 3190 dicendi
377 3163 455 3202 pro
487 3162 630 3189 rerum
661 3154 818 3189 natura
851 3152 966 3188 esset
996 3162 1120 3195 usus,
1163 3146 1244 3188 sibi
1276 3145 1533 3188 imitandum
1563 3146 1838 3199 proposuisse
1871 3144 2108 3199 profitetur.
2157 3144 2374 3187 Ciceronis
2405 3144 2538 3197 igitur
2568 3145 2707 3185 consi-

171 3225 277 3265 lium
308 3224 353 3264 in
384 3224 493 3264 libro
526 3223 838 3265 conscribendo
879 3223 915 3263 si
946 3223 991 3264 id
1021 3222 1123 3271 fuit,
1166 3227 1215 3263 ut
1245 3237 1367 3263 suam
1398 3221 1689 3274 eloquentiam
1733 3227 1882 3262 contra
1914 3221 2229 3274 vituperatores
2260 3224 2473 3265 tueretur.
2515 3218 2624 3260 libro
2657 3233 2708 3259 eo

173 3313 259 3340 non
290 3300 364 3353 qui
405 3312 625 3351 nunquam
664 3298 815 3338 fuisset
847 3299 1054 3347 oratoris,
1104 3297 1182 3338 sed
1221 3298 1286 3337 sui
1318 3298 1453 3351 ipsius
1495 3297 1748 3349 imaginem,
1794 3313 1821 3337 a
1863 3296 2069 3337 Cicerone
2110 3294 2256 3336 fictam
2294 3310 2388 3335 esse
2421 3294 2706 3335 concedamus

174 3380 358 3428 oportet.

457 3448 664 3491 Ultimum
696 3448 882 3503 denique
914 3454 1217 3503 argumentum
1248 3448 1348 3490 inde
1380 3448 1612 3503 repetitur,
1654 3447 1770 3501 quod
1810 3463 1987 3502 perrara
2020 3445 2216 3501 exempla
2247 3445 2409 3500 profert
2443 3461 2494 3487 ex
2526 3445 2709 3486 aliorum

174 3525 442 3568 orationibus
476 3540 526 3567 ex
559 3526 647 3568 suis
678 3526 813 3580 ipsius
844 3524 971 3578 longe
1004 3524 1199 3579 plurima.
1388 3531 1393 3535 '
